3360 5466
164 85 230 164 [aab]
637 110 890 155 υιιιιοιοιπιοιιιιο
912 111 1069 156 Amorion.
1465 93 1506 160 19

163 303 330 395 τῇήμιόνῳ
362 304 520 393 ἐπέθηκεν.
565 300 635 367 Ἔτι
666 292 698 366 δέ
729 305 825 366 αὐτῶν
851 302 947 391 πόρρω
977 303 1189 392 προβαινόντων
1220 308 1293 392 ὁρῶν
1324 311 1367 370 ἔτι
1398 311 1512 393 μᾶλλον

163 413 368 501 ιἰποκάμνοντα
389 411 478 476 πάλιν
500 413 559 475 ἀπό
582 420 635 474 τοῦ
657 410 750 498 γόμου
772 412 931 497 μετετίθει,
953 411 1039 499 μέχρι
1060 412 1101 474 τὰ
1121 412 1220 476 πάντα
1243 413 1342 496 λαβὼν
1370 416 1420 478 καὶ
1442 418 1513 502 ἀφε-

162 521 279 609 λόμενος
301 517 352 583 ἀπ’
375 522 465 583 αὑτοῦ
488 527 527 607 τῇ
550 519 657 607 ίημιόνῳ
682 520 820 604 ἐπέθηκε.
851 516 912 581 Καὶ
941 520 1012 582 τότε
1044 520 1147 593 ἐκεῖνος
1169 517 1338 606 ἀποβλέψας
1359 526 1396 594 εἰς
1419 524 1507 585 αὐτόν

163 635 225 716 ἐφη·
251 622 316 714 ’ἆρά
338 651 382 690 σοι
404 616 512 700 δίκαιος
535 617 612 689 δοκῶ
635 633 688 713 τῆς
711 615 815 711 διπλῆς
839 633 944 714 τροφῆς
965 623 1135 714 ηξιωμένη,

268 732 360 822 Ἀτάρ
382 728 432 797 ούν
453 736 503 797 καὶ
532 739 609 821 ἡμᾶς
645 731 780 819 προςηκει
809 731 849 819 μὴ
881 734 939 796 ἀπὸ
970 741 1023 819 τῆς
1050 736 1155 822 ἀρχῆς,
1186 735 1245 798 ἀπό
1276 725 1309 797 δὲ
1331 744 1386 798 τοῦ
1408 735 1510 811 τέλους

164 842 215 930 τὴν
238 845 364 905 ἑκάστου
387 831 551 928 δοκιμάζειν
574 832 712 904 διάθεσιν.

267 946 366 1013 Aliud
390 947 532 1012 ciusdem
557 945 814 1012 narratiunculae
837 947 1018 1032 exemplum
1043 947 1169 1011 adferre
1192 970 1256 1012 non
1280 970 1427 1033 possum3
1451 950 1506 1014 ali·

163 1067 317 1143 quatenus
340 1056 518 1141 comparari
546 1068 679 1141 possunt
709 1055 744 1118 M
781 1056 857 1137 180,
890 1054 921 1118 A
948 1055 1020 1139 177,
1047 1055 1074 1118 F
1101 1055 1173 1139 133,
1208 1055 1262 1120 ubi
1294 1054 1404 1120 asinus
1435 1078 1508 1121 cum

164 1163 248 1228 mula
272 1162 483 1248 componitur,
509 1184 601 1247 quae,
619 1174 787 1248 postquam
811 1163 900 1225 asino
917 1159 1109 1226 intolerabili
1133 1163 1259 1226 sarcina
1284 1184 1392 1246 presso
1417 1164 1509 1227 auxi-

162 1271 239 1335 linm
271 1270 479 1351 detrectavit,
511 1291 586 1331 mox
617 1279 649 1333 et
672 1290 751 1332 onus
775 1279 806 1332 et
829 1265 946 1354 pellem
978 1269 1058 1332 asini
1091 1268 1152 1332 sub
1184 1290 1280 1333 onere
1315 1269 1395 1355 lapsi
1426 1272 1507 1335 ferre

163 1387 271 1443 coacta
294 1387 351 1442 est.
390 1377 429 1441 In
454 1400 517 1463 qua
540 1374 651 1440 fabula
681 1373 787 1439 mulae
817 1398 934 1461 equum
968 1375 1166 1440 substituunt
1198 1375 1336 1441 Babrius
1357 1380 1388 1462 7,
1415 1375 1506 1442 Bodl.

166 1488 212 1571 12,
237 1485 263 1550 Ο
290 1485 353 1549 125
373 1496 456 1570 etp.
481 1485 545 1550 327
571 1505 625 1570 ειη,
651 1485 679 1547 F
704 1485 756 1567 24,
783 1482 898 1548 bovem
931 1481 1120 1547 Plutarchus
1143 1481 1184 1547 de
1207 1484 1301 1548 sanit.
1333 1505 1439 1569 praec.
1464 1485 1507 1550 25

165 1592 268 1678 (Mor.)
292 1615 323 1678 p.
351 1593 412 1656 137
437 1591 472 1656 0.

266 1699 304 1764 In
328 1707 418 1762 textu
449 1698 671 1763 constituendo
706 1700 867 1785 μετετίθει,
892 1721 956 1762 non
988 1699 1132 1786 μετετίθη
1157 1719 1175 1761 c
1198 1696 1324 1763 Codicis
1356 1699 1511 1763 memoria

162 1806 309 1894 μετετέθη
333 1805 438 1889 elicui,
474 1804 744 1893 quemadmodum
775 1806 870 1870 etiarn
895 1828 925 1870 n.
950 1807 992 1869 59
1024 1807 1181 1892 περιτιθεὶς
1204 1805 1236 1868 in
1260 1808 1416 1893 περιτιθεῒς
1438 1827 1507 1871 mu-

162 1924 226 1978 tere
248 1935 312 1978 non
336 1912 480 1978 dubitavi
496 1915 529 1993 ¹).
560 1912 704 1977 Fabulae
727 1913 850 1975 exitum
875 1911 935 1976 hoc
961 1910 1052 1975 ruodo
1077 1911 1282 1997 interpretor:
1308 1934 1409 1976 nunc
1436 1913 1509 1978 tibi

162 2019 291 2084 videor
322 2021 448 2085 iustus
472 2041 563 2104 erga
595 2019 731 2084 mulam
766 2019 911 2104 duplici
939 2018 1026 2083 cibo
1055 2018 1275 2101 dignatam?
1307 2017 1510 2085 Constructio

161 2117 266 2200 δίκαιός
288 2151 343 2190 τινι
374 2149 432 2213 pro
455 2119 562 2201 δίκαιος
586 2131 624 2199 εἷς
648 2130 730 2214 (περί,
763 2127 841 2215 πρός)
873 2150 938 2189 τινα
970 2149 989 2189 a
1020 2125 1137 2191 Graeci
1166 2127 1320 2190 sermonis
1353 2149 1413 2190 usu
1445 2150 1508 2191 non

161 2234 307 2298 abhorret
321 2235 344 2318 ²)
369 2256 471 2321 neque
496 2233 560 2298 ulla
582 2233 803 2300 emendatione
827 2256 907 2322 opus
931 2241 997 2320 est,
1029 2232 1090 2296 nisi
1114 2242 1152 2324 τῇ
1177 2256 1233 2318 pro
1257 2242 1311 2322 τῆς
1333 2234 1509 2301 rescribere

160 2341 261 2408 malis.

757 2557 907 2622 CXCIII.

265 2712 482 2804 Ὀρνιθοθηρας
504 2714 662 2805 ὀψιαίτερον
687 2721 768 2797 αὐτῷ
792 2716 873 2798 ξένου
898 2723 1130 2806 παραγενομένου
1160 2715 1201 2804 μὴ
1224 2723 1311 2806 ἔχων,
1335 2721 1351 2781 ὅ
1373 2743 1403 2781 τι
1426 2722 1507 2799 αὐτῷ

158 2825 314 2912 παραθείη,
339 2825 470 2910 ὥρμησεν
494 2825 539 2886 ἐπὶ
561 2826 613 2887 τόν
636 2827 759 2889 τιθασὸν
781 2814 903 2911 πέρδικα
926 2827 975 2888 καὶ
997 2835 1103 2888 τοῦτον
1124 2824 1206 2889 θύειν
1230 2830 1343 2913 ἔμελλε.
1390 2823 1451 2888 Τοῦ
1475 2816 1508 2888 δὲ

159 2931 327 3017 αἰτιωμένου
349 2932 437 2994 αύτόν
459 2937 497 3004 ὡς
519 2935 686 3019 ἀχάριστον,
711 2936 771 3019 εἴγε
792 2935 891 2997 πολλά
913 2932 1110 3019 ὠφελούμενος
1132 2932 1212 3020 παρ’1
1231 2937 1321 2995 αὐτοῦ
1349 2935 1417 3006 τούς
1439 2937 1508 3012 ὁμο-

158 3038 262 3123 φύλους
286 3038 498 3127 ἑακαλουμένου
518 3041 567 3101 καὶ
589 3029 796 3125 παραδιδόντος
820 3041 906 3113 αύτός
931 3043 1050 3128 άναιρεῒν
1075 3040 1163 3103 αύτόν
1185 3040 1303 3127 μέλλει,
1329 3046 1393 3127 έφη·
1420 3036 1508 3102 ’ἀλλὰ

159 3136 204 3208 διά
226 3144 317 3208 τοῦτό
339 3167 371 3208 σε
394 3150 507 3232 μᾶλλον
531 3145 623 3225 θύσω,
649 3152 672 3209 εί
696 3138 771 3234 μηδὲ
793 3155 853 3209 τῶν
876 3147 1030 3234 ὁμοφύλων
1053 3144 1169 3236 άπέχηῖ

264 3248 304 3314 Ὀ
326 3253 412 3341 λόγος
436 3243 526 3341 δηλοῖ,
551 3255 596 3316 ότι
619 3259 644 3316 οί
667 3255 733 3328 τοὺς
755 3257 875 3328 οἰκείους
897 3244 1081 3341 προδιδόντες
1096 3258 1128 3317 ού
1146 3254 1230 3341 μόνον
1246 3254 1301 3317 ύπό
1316 3263 1377 3316 τῶν
1394 3244 1508 3316 ἀδικου-

158 3361 251 3448 μένων
274 3368 432 3448 μισοῦνται,
457 3360 536 3423 ἀλλά
561 3363 610 3423 καὶ
633 3362 689 3423 ύπό
711 3361 833 3441 τούτων,
858 3357 897 3435 οἷς
920 3352 1109 3449 προδιδόασιν.

263 3464 510 3531 similitudinem
535 3467 697 3553 quandam
720 3467 818 3532 refert
843 3469 869 3533 C
898 3470 989 3533 164¹:
1014 3458 1146 3556 Πέρδικά
1161 3492 1204 3540 τις
1227 3465 1371 3556 3ηρεύσας
1393 3466 1505 3554 ἤμελλε

157 3573 272 3660 σφάξαι,
296 3598 315 3662 η
338 3563 371 3637 δέ
394 3575 506 3638 ἱκέτευε
528 3575 666 3660 λέγουσα·
693 3573 785 3638 ’ἔασόν
814 3599 851 3661 με
875 3576 926 3661 ζην
956 3577 1078 3654 <καὶ>
1110 3575 1172 3637 ἀντ’
1204 3575 1273 3661 ἐμοῦ
1305 3574 1417 3646 πολλάς
1439 3573 1508 3661 πέρ-

158 3672 237 3756 δικας
260 3680 319 3769 ἐγώ
343 3705 386 3744 σοι
409 3682 582 3770 κυνηγέσω.
627 3679 665 3744 'O
689 3673 722 3744 δέ
746 3679 831 3745 εἶπεν·
861 3674 905 3745 ’δι’
933 3683 1005 3745 αῦτό
1033 3690 1122 3744 τοῦτο
1151 3680 1264 3769 μᾶλλόν
1287 3704 1319 3745 σε
1343 3681 1438 3764 θύσω,
1463 3682 1509 3745 ὅτι

157 3789 223 3862 τοὺς
247 3787 382 3876 συνήθεις
405 3791 453 3853 καί
477 3792 574 3876 φίλους
598 3812 641 3851 σοι
665 3780 823 3878 ἐνεδρεῦσαι
847 3791 964 3862 θέλεις.

267 4085 288 4153 ¹)
305 4083 439 4155 Προςτίθης
459 4088 481 4136 Δ
503 4086 537 4140 61
560 4096 587 4139 et
605 4089 627 4137 P
647 4087 689 4148 51,
717 4085 889 4154 προςανατίθης
909 4087 930 4138 C
948 4086 991 4146 82,
1012 4116 1044 4126 -
1065 4094 1093 4138 at
1112 4089 1147 4140 cf.
1172 4089 1198 4137 M
1218 4085 1253 4137 36
1272 4083 1341 4150 ezrae.
1365 4089 1445 4138 Recte
1464 4102 1509 4138 au·

158 4183 208 4227 tem
228 4176 257 4225 M
275 4174 310 4228 69
327 4192 373 4241 pro
391 4174 531 4241 διετέθησαν
551 4194 608 4226 cum
628 4179 650 4227 A
670 4177 705 4228 73
724 4174 854 4226 διετίθεσαν
872 4177 937 4227 milri
956 4178 1091 4242 scripsisse
1115 4177 1212 4240 videor,
1237 4178 1281 4228 ubi
1300 4173 1416 4225 bracilaus
1434 4191 1508 4241 prae·

157 4264 199 4315 bet
216 4264 237 4314 C
255 4262 291 4316 85
309 4263 375 4334 (sive
395 4266 416 4314 F
436 4264 501 4329 239)
525 4266 558 4316 cf.
579 4262 669 4330 ἐδίδου,
696 4261 805 4315 tractata
831 4268 871 4331 (M
896 4265 938 4317 53.
965 4265 1009 4330 10)
1027 4272 1054 4316 et
1072 4261 1179 4314 ἐδίδοσαν
1204 4266 1241 4333 (Μ
1260 4264 1296 4317 ll
1318 4272 1345 4314 et
1367 4282 1398 4315 ex
1421 4265 1506 4316 conie-

159 4360 232 4405 ctura
250 4352 319 4418 133).

263 4438 341 4510 ¹)Cl.
361 4443 487 4508 Krueger‚
513 4444 680 4494 Griochisclre
706 4441 880 4508 Spraclrlehre
898 4444 910 4492 I
928 4442 971 4507 48,
1000 4443 1042 4509 13,
1061 4443 1085 4496 2.
1106 4444 1232 4496 Similiter
1251 4446 1279 4495 in
1298 4445 1390 4508 lingua
1407 4444 1508 4496 Latina

160 4544 283 4595 aequus
302 4547 360 4580 curn
380 4532 469 4581 dativo
488 4533 663 4597 coniungitur.
679 4534 800 4597 -Apud
823 4535 964 4585 lloiuerum
983 4533 1064 4584 habes
1086 4534 1117 4585 ll.
1146 4533 1187 4596 19,
1209 4533 1257 4586 181
1285 4551 1323 4600 sq.
1343 4529 1457 4601 Ἀτρείδη,
1478 4530 1505 4583 οὗ

160 4614 179 4666 δ’
196 4614 273 4670 ἔπειτα
291 4619 431 4689 δικαιότερος
449 4617 488 4669 καλ
506 4617 548 4669 ἐπ’
568 4618 636 4692 ἄλλῳ
652 4627 656 4683 Ι
672 4618 757 4672 ἔσσεαι.
