3390 5466
243 361 286 424 28
758 377 817 418 uuo
839 377 1023 418 srsuauaou.
1526 350 1600 423 [404]

246 572 306 636 sita
330 569 507 657 epimythia
531 569 628 634 habes
645 567 671 633 0
688 570 767 634 2602
790 578 879 632 τοῦτο
902 568 1028 641 πολλούς
1048 577 1109 630 τῶν
1124 568 1191 655 πρὸς
1206 575 1290 655 χάριν
1306 569 1425 630 ἅπαντα
1448 571 1601 632 πολιτευο-

245 681 338 768 μένων
368 685 476 767 ὀρῶμεν
504 677 689 750 πεπονθότας
713 687 743 741 et
769 677 798 740 F
821 676 887 740 423
915 677 993 738 ούτω
1024 675 1219 738 πανθάνουσιν
1241 679 1267 738 οί
1289 675 1329 737 τά
1354 678 1458 762 ἀληθῆ
1480 675 1601 738 πιστεύ-

246 809 336 859 οντες.
363 823 404 832 -
429 787 479 850 De
504 786 680 849 sententiae
704 782 808 848 colore
838 792 912 868 apte
940 782 1077 848 conferri
1110 791 1211 866 potest
1233 781 1268 844 M
1295 782 1367 866 128,
1392 782 1448 845 ubi
1474 781 1601 846 affabu-

246 894 393 962 lationem
419 895 526 975 gravis
554 891 734 976 corruptela
765 890 907 956 obsedit:
937 891 1030 962 οίιτως
1061 895 1125 952 ἐνιοι
1152 899 1213 951 τῶν
1244 889 1409 976 ἀνθρώπιον
1432 882 1469 952 δι’
1494 881 1600 952 ἐλπίδα

245 990 361 1088 κέρδους
386 1001 547 1085 ἐπισφαλεῖς
570 998 703 1086 μόχθους
726 997 912 1085 ὑφιστάμενοι
936 995 1080 1083 φθάνουσι
1106 996 1174 1083 πρά,
1200 996 1251 1057 τόν
1275 996 1393 1083 μόχθον
1416 989 1456 1057 ὧν
1480 996 1599 1076 βούλον-

243 1131 295 1170 ται
318 1105 528 1194 περιγενέσθαι.
554 1104 681 1169 Codicis
705 1104 849 1189 vestigiis
873 1105 955 1167 iustu
980 1103 1124 1166 tenacius
1154 1104 1270 1187 pressis
1294 1102 1438 1190 φθάνουσι
1460 1104 1529 1191 πρὸς
1552 1113 1598 1183 τῷ

246 1213 368 1301 μόχθῳ,
392 1206 432 1274 ὧν
456 1213 629 1295 βούλονται,
659 1213 766 1289 <ού>
803 1210 1006 1298 περιγενέσθαι
1038 1212 1068 1272 iu
1102 1209 1241 1273 editione
1272 1210 1422 1290 exhibui3
1456 1219 1596 1274 attamen

247 1319 402 1385 medelam
428 1331 581 1382 monstrat
605 1318 635 1382 A
663 1321 740 1382 134:
767 1317 909 1404 φθάνουσι
932 1327 1047 1404 πρῶτον
1070 1317 1349 1403 καταναλισκόμενοι
1372 1315 1390 1403 ἢ
1414 1311 1454 1379 ὧν
1477 1317 1598 1398 βούλον-

245 1453 295 1491 ται
317 1427 536 1516 περιγενόμενοι,
561 1424 647 1490 uude
672 1426 704 1488 iu
727 1427 795 1513 πρός
817 1425 869 1487 τόν
893 1424 1010 1512 μόχθον
1042 1424 1142 1489 νοτίαν
1170 1433 1286 1511 πρῶτον
1316 1424 1597 1511 καταναλισκόμενα

245 1528 441 1623 (οἰχόμενοιί)
466 1531 484 1620 ἢ
509 1531 693 1596 delitescere
718 1530 878 1595 discimus.
905 1529 1052 1599 Alterum
1072 1533 1273 1616 participium
1298 1531 1464 1595 vindicare
1488 1530 1598 1595 viden-

245 1652 298 1705 tur
320 1640 506 1704 Aristoteles
530 1640 662 1704 Meteor.
687 1639 721 1702 ΙΙ
744 1642 764 1704 6
788 1661 818 1724 p.
844 1640 923 1703 364¹>
951 1641 992 1703 10
1015 1661 1080 1724 sqq.
1112 1635 1146 1700 ἀν
1179 1638 1235 1724 γάρ
1270 1631 1321 1700 ὦσι
1351 1642 1464 1725 μᾶλλον
1495 1635 1600 1726 ψυχροὶ

244 1747 263 1836 ἢ
287 1747 411 1836 μεγάλοι
433 1747 576 1834 φθάνουσι
599 1747 758 1834 πηγνύντες
780 1744 799 1833 η
822 1747 1108 1832 προωθοῦντες,
1135 1743 1324 1809 Plutarchus
1343 1746 1410 1809 Vit.
1427 1746 1600 1810 Artoxerx.

245 1855 329 1919 VIII
352 1859 374 1919 4
399 1876 428 1938 p.
458 1855 542 1918 1015
567 1852 592 1917 Ο
616 1855 665 1915 καὶ
689 1850 781 1940 Κῦρος
804 1855 882 1940 εφθη
897 1853 1074 1924 κατακοπεὶς
1096 1849 1115 1939 ἢ
1139 1852 1382 1940 χρησάμενός
1404 1876 1434 1915 τι
1457 1860 1496 1939 τῇ
1520 1850 1601 1916 Κλε-

244 1962 336 2051 άρχου
359 1964 432 2049 νίκη,
457 1959 551 2025 Galb.
578 1960 611 2023 ll
641 1960 661 2024 2
692 1984 719 2046 p.
751 1961 836 2025 1054
859 1959 889 2023 A
913 1962 1045 2047 ἔφθησαν
1073 1959 1102 2021 ἐν
1125 1968 1188 2032 ταῖς
1217 1957 1397 2022 ἀποστάσεσι
1421 1961 1471 2021 καὶ
1495 1950 1601 2046 προδο·

246 2072 317 2142 σίαις
340 2068 546 2140 ἀναλώσαντες
569 2069 673 2141 αύτούς
695 2065 714 2155 ἢ
736 2067 926 2155 τυχόντες
949 2060 988 2128 ὧν
1012 2065 1146 2153 ἤλπισαν,
1171 2088 1366 2152 quamquam
1383 2076 1497 2154 πρῶτον
1514 2066 1599 2130 haud

245 2175 349 2240 levem
375 2174 559 2260 scrupulum
584 2175 672 2238 inicit
695 2175 736 2237 cf.
762 2173 944 2237 Herodotus
967 2173 1016 2236 Vl
1041 2175 1080 2238 91
1109 2177 1241 2260 ἔφθησαν
1265 2173 1434 2246 ἐκπεσόντες
1466 2173 1601 2260 πρότε-

246 2306 307 2370 ρον
332 2284 364 2345 ἐκ
386 2289 440 2370 τῆς
462 2279 548 2368 νήσου
575 2280 593 2368 ἥ
618 2304 666 2368 σφι
692 2283 782 2345 ἵλεων
804 2281 995 2367 γενέσθαι
1025 2278 1079 2367 τὴν
1102 2282 1182 2360 θεόν,
1215 2279 1453 2366 Theophrastus
1483 2280 1599 2365 fragm.

246 2389 286 2454 de
310 2386 470 2453 coloribus
501 2391 539 2453 41
575 2389 615 2451 τά
639 2383 672 2453 δὲ
695 2389 792 2476 φύλλα
815 2400 873 2451 τῶν
904 2390 1050 2452 πλείστων
1073 2378 1197 2475 δένδρων
1226 2389 1262 2450 τὰ
1293 2391 1462 2451 τελευταῖον
1489 2391 1601 2476 γίνεται

247 2494 344 2578 ξανθὰ
368 2488 415 2559 διά
438 2496 474 2558 τό
497 2504 549 2584 της
582 2503 687 2584 τροφῆς
717 2495 926 2582 ὑπολειπούσης
957 2495 1077 2582 φθάνειν
1106 2496 1183 2557 αύτά
1218 2492 1486 2582 καταξηραινόμενα
1515 2495 1602 2583 πρό-

246 2627 356 2690 τερον
378 2601 397 2691 ἢ
420 2603 527 2676 τελέως
551 2604 580 2666 ἐν
604 2606 701 2683 αὐτοῖς
723 2601 991 2689 μεταβάλλειν
1014 2608 1051 2675 εἰς
1074 2606 1110 2664 τό
1133 2603 1225 2688 μέλαν
1248 2611 1353 2689 χρῶμα
1377 2602 1412 2664 τό
1436 2601 1531 2690 ὑγρόν,
1556 2639 1598 2647 -

247 2713 282 2776 Μ
307 2714 349 2776 68
370 2711 448 2774 ούτω
475 2712 524 2773 καὶ
554 2721 615 2773 τῶν
647 2709 811 2795 ἀνθρώπων
834 2714 859 2770 oi
883 2719 941 2781 τοῖς
969 2709 1086 2796 φαύλοις
1118 2699 1340 2796 ἐπιτηδεύμασιν
1371 2699 1598 2796 ἐνδιατρίβοντες

247 2817 403 2907 φθάνουσιν
419 2816 621 2903 ἀπολλύμενοι,
640 2818 725 2904 πρὶν
747 2814 766 2903 ἢ
783 2817 829 2878 ἐπὶ
844 2815 883 2878 τά
899 2818 1039 2879 καλλίονα
1062 2815 1236 2903 τρέπεσθ
1247 2839 1282 2878 αι
1293 2819 1327 2896 ¹),
1351 2814 1534 2880 Herodotus
1551 2815 1601 2880 VI

251 2928 313 2990 116
340 2927 389 2987 καὶ
416 2924 549 3012 ἔφθησάν
576 2947 610 2987 τε
638 2923 814 3011 ἀπικόμενοι,
838 2925 926 3010 πρὶν
948 2920 967 3009 ἢ
990 2922 1056 2996 τοὺς
1091 2921 1249 3010 βαρβάρους
1279 2922 1369 3010 ἥκειν,
1398 2921 1450 2986 ΙΧ
1479 2922 1522 2986 70
1550 2929 1601 3009 ἐφ-

247 3035 345 3120 θησαν
369 3031 416 3093 ἐπὶ
431 3033 498 3104 τοὺς
513 3030 637 3119 πύργους
660 3029 830 3113 ἀναβάντες,
853 3031 937 3116 πρὶν
961 3027 1062 3116 ἢτούς
1086 3018 1335 3115 Λακεδαιμονίους
1362 3028 1599 3110 ἀπικέσθαι,

247 3137 438 3203 Plutarchus
469 3136 548 3221 Reg.
584 3149 614 3201 et
644 3138 756 3221 imper.
789 3135 1014 3222 apophthegm.
1048 3137 1154 3218 (Mor.)
1185 3159 1215 3222 p.
1246 3139 1308 3200 178
1333 3136 1361 3199 Ε
1392 3135 1541 3221 (Philipp.
1567 3159 1599 3201 ιι.

248 3247 303 3325 21)
328 3248 405 3332 ἐφθη
430 3245 485 3332 γάρ
513 3249 698 3332 τελευτῆσαι,
722 3245 807 3332 πρὶν
830 3242 849 3331 ἢ
870 3245 937 3332 παρ’
961 3246 1031 3331 ἐμοῦ
1055 3243 1137 3332 χάριν
1161 3242 1243 3322 ἀξίαν
1273 3252 1326 3332 τῆς
1351 3245 1444 3330 φιλίας
1465 3246 1601 3307 ἀπολα-

248 3353 328 3434 βεῖν
343 3356 375 3432 ²).
425 3350 577 3416 Similiter
600 3349 732 3414 verbum
764 3351 868 3437 φθάνω
899 3351 1020 3435 exeipit
1051 3350 1209 3437 particula
1240 3353 1303 3437 πρὶν
1339 3373 1413 3414 cum
1444 3351 1601 3415 infinitivo

357 3703 375 3767 ¹)
393 3703 500 3755 Rectius
521 3699 653 3770 τραπέσθαι
674 3701 698 3754 A
718 3701 752 3755 69
772 3709 798 3753 et
816 3704 836 3753 C
855 3700 891 3756 84
908 3703 973 3768 (aire
994 3704 1016 3753 F
1036 3701 1099 3763 238)
1119 3703 1152 3753 of.
1172 3704 1201 3751 M
1220 3701 1254 3753 26
1268 3699 1294 3751 ού
1314 3701 1428 3769 πρότερον
1441 3698 1600 3768 ἀποστάντας,

250 3790 302 3861 πρλν
320 3792 335 3856 ἢ
354 3790 474 3856 ἀλλήλους
499 3788 646 3862 αἱμάξαι,
671 3790 705 3844 48
724 3788 780 3840 ἀλλ’
799 3790 826 3841 ού
845 3794 883 3840 νῦν
901 3808 927 3841 σε
951 3792 985 3842 δεῖ
1010 3788 1186 3860 φυλάττεσθαι,
1213 3787 1252 3840 ὅτε
1276 3787 1343 3840 ούδέν
1361 3784 1461 3859 ὄφελος,
1487 3793 1541 3842 τότε
1566 3792 1601 3857 δέ,

249 3878 301 3951 πρίν
318 3879 356 3931 καί
375 3883 405 3948 (Ι.
423 3878 475 3949 πρίν
493 3881 507 3945 ἢ
527 3883 626 3932 cumO
652 3881 684 3932 77
704 3882 759 3931 sive
778 3882 800 3931 F
820 3880 889 3946 2353
915 3878 967 3948 rrplv
991 3877 1029 3930 καί
1054 3888 1157 3947 praeter
1185 3883 1213 3931 M
1236 3881 1376 3946 adgnoscit
1406 3881 1428 3931 A
1457 3881 1502 3947 48)
1530 3880 1601 3933 ουλ-

249 3969 412 4040 ληφθῆναι
435 3974 477 4024 oll.
503 3991 528 4023 ιι.
551 3971 602 4023 226
627 3968 679 4039 πρὶν
704 3968 825 4033 παθεῖν,
853 3967 1007 4040 φυλάττονται
1031 3980 1057 4021 et
1081 3972 1097 4021 2
1123 3969 1150 4020 ού
1174 3971 1287 4040 πρότερον
1316 3968 1404 4029 <άν>
1428 3971 1600 4039 καταβεβήκεις,

250 4060 301 4132 πρίν
320 4060 360 4126 τὴν
373 4058 457 4110 ἄνοδον
475 4058 604 4128 ἐσκέψω.
626 4090 657 4097 -
678 4064 708 4111 [ιι
728 4063 755 4111 M
776 4061 827 4112 128
845 4059 930 4128 συνέβη
955 4058 979 4110 δέ
999 4057 1070 4119 αὐτάς
1099 4060 1208 4119 πινούσας
1236 4059 1384 4130 διαρραγῆναι
1403 4062 1417 4125 ἢ
1436 4061 1483 4110 τῶν
1508 4061 1602 4127 βυρσῶν

249 4147 369 4217 ἐφικέσθαι
389 4156 449 4200 ante
468 4147 615 4218 διαρραγῆναι
633 4151 805 4215 supplendum
825 4167 882 4202 esse
901 4152 1014 4219 πρότερον
1034 4152 1183 4216 comprobat
1202 4152 1222 4201 C
1242 4150 1293 4202 207
1306 4151 1374 4215 (sivo
1393 4153 1415 4201 F
1434 4150 1495 4216 289)
1516 4150 1600 4218 συνέβη

249 4236 273 4288 δέ
293 4237 372 4297 αὐταῖς
391 4237 495 4297 πιούσαις
513 4240 668 4307 πρότερον
687 4237 835 4309 διαβραχῆναι
854 4240 868 4303 ἢ
887 4241 934 4289 τῶν
953 4239 1045 4307 βυρσῶν
1063 4237 1186 4308 ἐφικέσθαι
1205 4243 1239 4292 cl.
1259 4241 1368 4306 insuper
1389 4238 1547 4293 Plutarchus
1568 4243 1601 4292 ds

249 4345 378 4380 commun.
398 4328 471 4378 notit.
494 4327 526 4380 19
545 4327 632 4394 (Mor.)
651 4346 675 4393 p.
696 4328 765 4381 1067
785 4331 807 4378 P
827 4325 893 4378 ούδέν
917 4325 1086 4388 ἀπολείποντας
1112 4329 1161 4378 τιῖνν
1178 4330 1260 4389 κυνῖιν,
1280 4325 1306 4386 άς
1327 4345 1394 4397 φησιν
1413 4325 1523 4388 Αἴσωπος
1546 4330 1600 4399 δερ-

248 4413 330 4486 μάτων
349 4417 415 4465 τινῶν
433 4413 582 4484 ἐμπλεόντων
601 4413 717 4485 ἐφιεμένας
737 4413 837 4485 ὁρμῆσαι
857 4413 899 4485 μέν
917 4414 1012 4467 ἐκπίνειν
1031 4415 1071 4483 τὴν
1089 4414 1223 4478 θάλασσαν,
1244 4416 1339 4486 ραγῆναι
1358 4413 1383 4466 δέ
1408 4418 1567 4485 πρότερον
1585 4418 1600 4482 ἢ

248 4507 296 4556 τῶν
313 4502 435 4573 δερμάτων
452 4504 577 4572 λαβέσθαι.
601 4506 670 4558 ldem
689 4507 761 4557 valet
780 4508 813 4557 da
835 4505 855 4556 A
880 4506 939 4566 134.
965 4508 1009 4557 uhi
1034 4505 1086 4575 πρίν
1111 4508 1180 4558 inter
1206 4504 1356 4574 διαρραγῆναι
1375 4516 1402 4557 et
1419 4506 1434 4569 ἢ
1453 4524 1470 4559 a
1489 4507 1597 4558 Schnei-

248 4597 309 4646 dero
330 4597 447 4646 oblatum
466 4597 572 4646 editoris
592 4604 766 4646 oeramentum
786 4613 842 4647 esse
862 4598 917 4662 ipse
937 4598 1024 4647 Codex
1042 4613 1083 4647 me
1103 4597 1199 4647 docuit.

357 4701 376 4768 ²)
398 4700 474 4753 l‘also
493 4712 581 4753 tamen
600 4704 681 4754 Fabri
698 4704 877 4754 coniecturam
897 4700 1024 4770 φθάνοντες
1049 4721 1095 4768 pro
1122 4700 1257 4770 φθείροντες
1283 4705 1419 4767 amplexus
1444 4704 1528 4754 locum
1551 4707 1601 4758 Αε-

248 4794 364 4844 lianeum
383 4796 413 4844 V.
434 4793 468 4843 H.
487 4792 550 4843 XlV
569 4793 602 4843 27
617 4793 655 4842 ita
667 4793 804 4843 constituit
823 4793 952 4844 Herchsr:
971 4788 1020 4860 ἐγὼ
1032 4789 1057 4841 δέ
1071 4788 1155 4841 ἐπαινῶ
1174 4789 1277 4860 μάλιστα
1297 4788 1402 4855 ἐκείνους,
1423 4788 1473 4840 ὅσοι
1492 4789 1521 4841 τὰ
1540 4792 1600 4844 ὑπο-

250 4883 352 4954 φυόμενα
371 4884 417 4932 τῶν
438 4882 516 4932 κακῶν
535 4877 664 4952 φθάνοντες
683 4877 729 4952 [ἀελ
747 4879 830 4951 ταῦτα]
850 4877 997 4946 ἐκκόπτουσι,
1010 4877 1063 4950 πρίν
1080 4880 1096 4946 ἢ
1113 4877 1231 4951 δυνάμεώς
1250 4897 1309 4941 τινος
1328 4876 1490 4949 ἐπιλαβέσθαι,
