3360 5466
728 121 786 162 nno
809 121 993 162 scashusen.
1501 99 1573 170 [412]

323 309 431 375 Aliam
456 311 612 374 rationem
637 307 760 397 sylloge
783 309 976 394 Augustana
1008 319 1082 374 ante
1105 308 1234 375 vocales
1260 319 1416 395 praestat:
1442 312 1573 398 saepius

217 417 345 505 quidem
371 408 397 481 δ’
420 420 577 497 occurrit,
612 440 670 481 nec
701 429 808 481 tamen
841 417 935 502 pauci
965 415 1024 481 loci
1056 427 1194 496 restant,
1227 418 1345 504 quibus
1375 417 1409 484 δὲ
1440 419 1575 484 elisione

218 525 379 590 afficiatur
401 526 443 588 ef.
469 527 498 606 a)
523 516 549 587 δ’
573 523 713 611 ἀλλήλων
737 525 812 606 (68),
837 526 989 598 ἀλώπεκος
1013 528 1089 605 (14),
1114 509 1242 612 ἀμπελοξ
1265 528 1343 610 (42),
1371 526 1575 616 ἀνιμήσασὲοιι

217 635 315 716 (119),
340 623 511 719 &sandinum
534 634 635 718 (135),
660 622 868 719 ἀποδεξάμενοι
891 633 969 717 (39),
995 631 1050 718 ἀρα
1075 634 1151 713 (39),
1176 633 1267 706 οιὺτάς
1283 635 1378 715 (134),
1403 638 1482 722 αὐτῇ
1508 636 1574 716 (22.

222 741 305 820 132),
332 738 423 826 αὐτὴν
447 741 512 820 (22.
543 742 628 819 147),
653 743 743 826 αὐτῆς
766 740 827 820 (13.
852 739 905 802 25.
931 743 983 802 57.
1010 742 1076 824 75),
1108 743 1203 812 αὐτοῖς
1234 741 1324 823 (181.
1359 743 1445 822 187),
1483 744 1574 805 αὐτὸν

219 850 298 933 (88),
323 851 412 909 αὑτοῦ
435 849 501 929 (11.
531 849 601 910 109.
628 848 698 910 135.
726 846 811 929 182),
844 846 949 918 αὐτοὺς
974 848 1051 927 (11),
1083 849 1165 927 αὐτῷ
1199 850 1242 928 (1.
1268 848 1298 911 2.
1327 847 1374 911 10.
1409 851 1497 930 176),
1521 854 1574 912 αὐ-

216 963 278 1018 τῶν
299 955 360 1036 (63.
385 956 440 1018 74.
465 956 516 1019 79.
542 956 593 1019 91.
623 955 709 1036 172),
733 947 764 1016 el
787 953 880 1038 (148)
896 952 928 1035 ¹),
951 953 997 1015 ὅτι
1020 954 1120 1037 (132),
1151 945 1234 1017 neth
1267 955 1345 1040 (93),
1369 959 1423 1017 οὐκ
1446 958 1493 1037 (5.
1519 959 1573 1023 88.

221 1063 297 1142 104)
312 1065 344 1145 1),
368 1063 504 1147 ὑστεραίᾳ
527 1062 579 1142 (6),
604 1066 642 1132 ὡς
665 1061 748 1140 (53);
775 1098 815 1106 -
840 1050 924 1148 μηδ’
947 1061 1019 1122 ὅταν
1050 1062 1157 1142 (206),
1186 1099 1222 1106 -
1249 1051 1325 1123 οὐθ’
1352 1063 1441 1135 αὐτὸς
1467 1065 1572 1150 (104),

217 1169 292 1241 ὁλως
315 1171 357 1247 (1.
384 1168 469 1252 231),
493 1173 570 1255 ὑμεῖς
593 1166 701 1251 (129);
719 1205 756 1211 --
772 1167 804 1247 1))
829 1171 1063 1253 ἀγανακτοῦντες
1091 1168 1191 1249 (122),
1216 1158 1282 1248 ᾄδει
1305 1169 1383 1249 (48),
1409 1167 1574 1256 Ἀθηναῖος

219 1276 296 1356 (30),
324 1272 466 1362 Αἰσχύνης
498 1273 600 1359 (108),
633 1273 812 1359 ἀλεκτρυόνα
844 1275 944 1358 (121),
982 1275 1137 1361 ἀλόγιστον
1168 1275 1232 1356 (27.
1260 1273 1348 1359 107),
1373 1275 1502 1363 ἀλώπηξ
1527 1280 1573 1358 (1.

219 1381 285 1465 24),
318 1379 508 1468 ἀμελετήτως
540 1382 596 1457 (9),
630 1384 853 1467 ἀμριγνοοῢντες
889 1381 980 1460 (122)
996 1386 1032 1461 ²³),
1064 1382 1245 1467 ἀναιρεῖσθαι
1276 1383 1355 1464 (75),
1388 1382 1573 1464 ἀνεβάλλετο

216 1487 317 1570 (200),
342 1487 500 1576 ἀνθρώπου
524 1490 580 1566 (46
604 1486 674 1567 bis),
701 1490 831 1572 ἄντικρυς
862 1489 963 1573 (150),
987 1490 1133 1575 ἀντισχεῖν
1157 1490 1255 1571 (106),
1287 1487 1384 1562 ἄξονος
1408 1491 1490 1574 (45),
1514 1487 1567 1553 ἀπ’

218 1721 528 1729 --———-—-——-

218 1872 350 1942 ἀλλοδαπῷ
368 1869 552 1941 πα1θανμάσας
571 1870 611 1922 εὀν
630 1869 709 1940 ἀνδρα,
729 1869 762 1932 ὡς
782 1866 839 1923 εἶδεν
858 1869 942 1923 ἐκεῖνον
959 1871 998 1923 sal
1016 1870 1047 1933 είς
1064 1873 1171 1943 δεύτερόν
1195 1893 1243 1927 τινα
1261 1873 1300 1926 καὶ
1327 1873 1358 1936 είς
1383 1873 1464 1945 τρίτον
1482 1874 1522 1927 sal
1541 1874 1573 1937 είς

220 1961 328 2022 πλείονας
347 1960 379 2012 ἔτι
397 1961 425 2012 τὶν
443 1960 501 2012 αὕέο
520 1966 638 2020 ποιοῦντα,
658 1960 794 2028 ἀπεπήδησε
811 1960 850 2011 κα1
869 1961 910 2029 τὴν
928 1960 999 2023 ξενίαν
1017 1960 1142 2014 ἀπείπατο·
1162 1964 1190 2016 οὗ
1208 1966 1255 2035 γὰρ
1278 1961 1352 2030 ἤθελε
1377 1964 1432 2025 τοὺς
1452 1967 1569 2035 περόντας

217 2050 358 2122 ἀνθρώπους
377 2054 424 2102 τῶν
442 2050 519 2102 αὐτῶν
537 2055 571 2119 τῷ
590 2048 711 2120 σπουδαίῳ
729 2047 853 2112 ἀξιοῦσθαι
875 2048 913 2101 καὶ
936 2048 1022 2111 πάντας
1047 2048 1070 2102 ἐν
1092 2048 1139 2122 imp
1162 2051 1255 2104 κεῖσθαι
1274 2050 1337 2123 παρὰ
1355 2058 1391 2124 τῷ
1409 2053 1570 2125 ριλορρονου·

218 2141 288 2212 μένῳ,
309 2144 408 2194 Eadem
427 2142 530 2192 fereda
550 2142 697 2193 Stratonico
716 2141 865 2192 citharoedo
890 2143 1007 2193 referunt
1026 2142 1151 2194 helianus
1170 2144 1201 2195 V.
1222 2145 1257 2196 H.
1276 2146 1339 2195 XIV
1359 2143 1392 2196 14
1410 2151 1438 2196 et
1457 2146 1571 2196 Guome·

217 2232 317 2298 logium
335 2233 484 2282 Parisinum
503 2246 520 2281 a
538 2232 613 2281 nobis
633 2230 732 2280 editum
751 2247 777 2282 n.
797 2229 831 2281 43
851 2229 1024 2295 („ltozprawy
1046 2232 1190 2296 Wydzialu
1209 2232 1421 2300 filologicznago⁴¹
1444 2244 1494 2286 ete.
1519 2235 1570 2286 vol.

218 2324 267 2373 XX
288 2339 313 2387 p.
335 2321 405 2383 140),
424 2338 484 2371 cum
503 2321 614 2385 apologo
633 2328 721 2371 nostro
746 2322 831 2387 magis
856 2322 972 2372 concinit
997 2323 1097 2373 Seneca
1122 2323 1153 2373 ds
1178 2324 1262 2375 boues.
1289 2321 1326 2374 lv
1346 2322 1388 2385 18,
1410 2324 1422 2376 1
1445 2325 1571 2377 Platon
1663 2372 1670 2378 .

218 2429 288 2463 eum
308 2413 436 2461 flumen
456 2426 540 2461 nave
560 2412 753 2461 transisset
773 2427 834 2461 uec
852 2412 892 2461 ab
913 2411 975 2461 illo
1000 2413 1181 2477 quicquam
1208 2414 1355 2478 portitor
1381 2415 1571 2480 exegisset.
1652 2456 1666 2469 .

217 2503 338 2553 honeri
357 2501 419 2552 hec
437 2517 497 2550 suo
517 2500 627 2549 datum
647 2500 792 2550 credens
812 2500 901 2550 dixit
921 2501 1066 2564 positum
1086 2501 1140 2550 illi
1160 2518 1230 2553 esse
1249 2503 1319 2567 apud
1339 2501 1509 2554 Platonem
1530 2505 1570 2554 of·
1650 2531 1663 2537 -

218 2591 344 2642 ficium.
364 2589 496 2640 Deinde
515 2588 615 2653 paulo
635 2596 717 2653 post,
738 2603 809 2639 cum
830 2588 938 2639 alium
957 2598 1059 2654 atque
1078 2590 1184 2640 alium
1204 2592 1312 2656 gratis
1331 2591 1448 2642 eadem
1468 2600 1571 2644 trans·
1640 2617 1661 2626 -

219 2682 360 2730 veheret
379 2679 583 2741 sedulitate,
602 2679 749 2743 negavit
767 2678 821 2727 illi
842 2679 906 2729 iam
925 2679 1014 2743 apud
1034 2679 1214 2730 Platonem
1233 2680 1380 2745 pesitum
1399 2682 1571 2734 officium.
1631 2717 1659 2727 -

219 2769 403 2820 Demosthenis
422 2784 517 2817 nomen
537 2767 729 2832 apophthegma
755 2767 861 2831 praebet
880 2768 1045 2832 Gnomologii
1064 2769 1188 2818 Vaticani
1213 2769 1350 2833 (,lViener
1368 2767 1499 2820 studione
1521 2773 1570 2823 vol.
1630 2803 1658 2815 .-

218 2861 241 2908 Χ
263 2887 294 2895 -
318 2856 385 2908 1888
406 2884 437 2892 -
459 2874 482 2920 p.
503 2855 562 2911 218,
583 2857 627 2906 nbi
647 2857 726 2906 stiam
746 2856 880 2922 l'lorilegii
901 2856 1111 2907 vindobonensis
1130 2864 1156 2906 et
1180 2858 1289 2907 Maximi
1313 2857 1472 2924 Guemologi
1497 2860 1572 2911 testi·
1598 2877 1659 2893 ,-

217 2949 306 2998 monia
324 2942 420 3004 adtuli)
440 2941 452 2994 ὁ
471 2942 542 3000 etth
566 2944 634 3009 (scil.
660 2942 825 3010 Δημοσθένης)
850 2943 952 3012 εὐχερῶς
976 2943 1041 3009 αὐτῷ
1066 2941 1175 3013 ἀργύριον
1198 2944 1332 3013 γρήσανπός
1356 2962 1416 3005 τινος
1442 2940 1492 2996 εἶθ’
1512 2943 1659 3016 epm-¹

219 3034 317 3093 πολλοῖς
335 3032 406 3084 αὐτὸν
425 3031 452 3083 τί)
471 3031 529 3083 σύἓο
548 3036 658 3082 ποιοῦντα
677 3026 743 3082 εἶπεν·
764 3031 849 3082 ὀὐκέτι
867 3050 904 3082 σοι
923 3029 974 3101 ἔχω
998 3030 1073 3101 Ιρρίριν·
1099 3034 1162 3102 νόσῳ
1181 3030 1234 3103 γάρ,
1255 3033 1282 3084 οὖ
1300 3031 1372 3102 κρίσει
1391 3037 1464 3085 τοῦτο
1483 3035 1572 3096 ποιεῖς’.
1596 3063 1657 3083 κ

218 3128 259 3176 De
278 3125 409 3175 sententia
426 3123 537 3172 conferri
557 3129 666 3188 possunt
685 3130 820 3187 praeterea
839 3123 1012 3187 Epicharmus
1032 3125 1125 3187 fragm.
1154 3123 1244 3174 insert.
1265 3122 1299 3175 29
1323 3125 1359 3188 (p.
1381 3123 1435 3176 263
1453 3127 1573 3178 lemna:
1607 3128 1656 3169 Ξ

219 3217 246 3264 τ“ο
265 3211 392 3282 λεγόμενον
411 3208 560 3279 Ἰἱπιχίιρμου
579 3209 637 3279 προς
656 3208 696 3260 θον
722 3208 816 3260 ἄσωτον
842 3211 1000 3262 Plutarchus
1024 3212 1077 3262 Vit.
1101 3213 1251 3276 Poplicolae
1269 3213 1318 3263 XV
1337 3212 1353 3264 7
1373 3229 1398 3278 p.
1419 3213 1474 3265 105
1495 3216 1526 3280 Β,
1546 3213 1656 3264 tia-⁶

218 3300 357 3370 λελεγμένον
376 3299 433 3369 προς
452 3298 493 3349 τὀν
510 3297 559 3364 εἰκῆ
577 3297 616 3350 ael
634 3296 734 3368 ἀκρίτοις
759 3296 872 3368 ἐκχέοντα
897 3296 925 3348 td
950 3296 1032 3349 ἑαυτοῦ
1055 3297 1094 3349 aa)
1118 3302 1334 3369 καταχαριζίμενον
1358 3302 1391 3352 de
1416 3303 1520 3370 garrul.
1543 3293 1656 3358 15³

218 3395 283 3443 Mer.
303 3409 327 3457 p.
347 3391 400 3442 510
420 3390 451 3455 (J)
471 3389 497 3440 οὖ
518 3387 687 3459 φιλάνθρωπος
706 3389 757 3459 σύγ’
776 3387 836 3438 ἔσσ’·
855 3386 918 3458 ἔχεις
944 3390 1020 3440 νόσον·
1045 3387 1133 3458 χαίρεις
1161 3390 1244 3457 διδούς,
1269 3393 1370 3444 Seneca
1394 3392 1428 3444 de
1454 3393 1543 3447 bened
1563 3378 1654 3445 l:

220 3479 262 3541 14,
285 3481 297 3532 1
317 3481 528 3531 beneficium
547 3482 601 3546 qui
621 3480 844 3546 quibuslibet
868 3480 927 3530 dat
952 3481 1042 3530 nulli
1061 3490 1208 3546 gratum:
1235 3498 1329 3532 nemo
1353 3498 1389 3532 se
1414 3485 1652 3537 stabula-f

219 3571 263 3621 rii
287 3579 346 3620 aut
369 3571 537 3635 cauponis
556 3571 726 3634 hospitem
747 3570 884 3620 iudicat
903 3586 962 3620 nec
988 3571 1169 3620 convivam
1194 3571 1316 3621 dantis
1339 3570 1497 3637 epulum,
1518 3559 1649 3625 ubfi

220 3660 289 3710 dici
307 3666 434 3725 potest:
461 3661 539 3723 quid
560 3658 646 3710 enim
671 3660 706 3708 in
731 3676 778 3708 me
803 3659 975 3709 contulit?
1000 3675 1117 3724 nempe
1142 3659 1218 3721 hoc,
1244 3660 1329 3723 quod
1355 3668 1390 3712 et
1415 3661 1450 3711 in
1476 3662 1646 3714 illuu‘

219 3748 274 3797 vix
295 3749 378 3797 bens
398 3755 511 3796 notum
534 3749 599 3797 sihi
620 3757 649 3797 et
669 3749 701 3796 in
722 3749 822 3797 illum
841 3749 941 3798 etiam
961 3748 1139 3798 inimicum
1160 3764 1196 3798 ac
1217 3748 1456 3812 turpissimum
1474 3751 1643 3804 hemi!

218 3853 303 3901 nem,
322 3836 482 3901 numquid
503 3837 590 3886 enim
611 3854 655 3886 me
676 3838 811 3902 dignum
836 3837 1024 3887 iudicavit?
1049 3839 1161 3887 morbo
1187 3853 1243 3886 suo
1270 3853 1391 3888 morem
1417 3841 1531 3904 gessit
1549 3836 1638 3892 οι

221 3925 261 3990 15,
281 3924 297 3977 6
317 3941 379 3975 nen
399 3928 451 3975 est
470 3926 685 3984 beneficium,
706 3928 756 3975 cui
776 3926 871 3977 deest
891 3943 969 3990 pars
988 3926 1117 3990 optima
1149 3927 1265 3976 datum
1291 3941 1368 3976 esse
1393 3927 1538 3982 iudicio.

328 4013 348 4079 ¹)
367 4014 510 4064 Schneider
529 4015 596 4065 falso
615 4016 652 4063 νῦν
671 4012 693 4063 d'
710 4009 763 4063 ἴσθι
783 4032 828 4080 pro
847 4017 887 4063 νῦν
905 4013 927 4063 δ’
947 4007 978 4064 εὖ
995 4010 1048 4064 ἴσθι
1067 4015 1156 4065 edidit.

327 4100 347 4166 ²)
367 4103 398 4153 N.
418 4102 453 4155 88
471 4105 499 4153 in
519 4105 608 4154 codice
628 4099 663 4153 ὅδ’
682 4122 728 4169 pro
748 4099 761 4153 ὁ
780 4102 802 4152 δ’
821 4105 924 4169 legitur.
946 4105 1089 4155 Schneider
1108 4100 1121 4152 ὁ
1140 4100 1165 4152 δὲ
1183 4104 1272 4168 habet,
1293 4104 1372 4155 sicuti
1390 4105 1472 4157 etism
1492 4125 1519 4159 n.
1538 4099 1621 4160 923

218 4188 335 4256 δὲοίιδέν,
361 4210 389 4244 n.
413 4192 462 4244 119
487 4189 512 4241 δὲ
536 4189 696 4261 ἀνιμήσασθαι
722 4202 857 4260 tamquam
882 4211 914 4244 ex
939 4193 1035 4244 Codice
1061 4196 1185 4259 praebet;
1205 4222 1236 4231 -·
1257 4211 1283 4246 n.
1303 4192 1338 4246 93
1357 4209 1497 4261 perperam
1516 4185 1614 4265 μηδ’

575 4277 599 4330 ἓν

218 4348 282 4413 ἀξιὼν
300 4355 425 4415 enotavit,
445 4354 532 4403 ubiA
558 4301 584 4402 2
610 4349 674 4414 ἐξιὼν
693 4353 774 4405 offert.
795 4355 902 4404 Scilicet
921 4355 976 4419 ipse
995 4355 1118 4404 librarius
1137 4352 1160 4403 δ’
1179 4356 1206 4405 in
1226 4351 1267 4423 μὲν
1286 4360 1440 4407 mutsntum
1459 4373 1518 4409 esse
1534 4356 1591 4407 si-

256 4443 361 4494 'fieavit

218 4459 262 4509 8¹¹¹
326 4530 664 4601 Β)ἰ1μριγνόντεςι1,(μιοι1
689 4534 787 4583 correxi
813 4550 842 4582 ex
862 4534 888 4582 11
919 4532 969 4584 115
988 4534 1022 4585 cf.
1048 4535 1128 4583 etiam
1153 4535 1174 4584 C
1201 4533 1265 4585 101b
1295 4533 1362 4601 (sive
1381 4531 1404 4586 lt'
1422 4532 1486 4603 285)
1503 4532 1524 4584 ο1
1544 4526 1573 4585 81

217 4617 402 4693 ἀγνοοῦντες
421 4619 493 4672 atros
514 4619 540 4670 :⁸0
560 4615 620 4680 εἶδος
639 4618 678 4671 nal
696 4619 738 4688 ’.ὴν
758 4618 836 4691 μονὴν
854 4619 960 4681 παίοντες
979 4619 1050 4673 αὺτὸν
1068 4618 1185 4690 ἐξέβαλον,
