3360 5466
176 325 197 400 8
738 355 797 403 tao
819 352 1005 404 sraanaactt.
1458 323 1523 408 [3331

173 545 235 612 Καὶ
257 539 380 613 διετέλει
402 550 594 640 τεταγμέναις
617 551 701 639 ώραις
717 555 941 616 ἀναπεταννῦσα
965 554 1015 614 καὶ
1037 551 1091 625 τὰς
1115 541 1292 639 ἐπιτηδείους
1316 552 1401 631 αὐτῷ
1422 538 1523 637 τροφάς

174 657 368 746 παρεχομένη.
395 655 454 721 Καί
476 681 549 722 ποτε
573 656 724 747 ἀνοιξάσης
747 663 838 748 αὐτ-ης
860 662 908 722 καὶ
931 661 967 722 τό
989 659 1071 747 πόμα
1104 660 1251 746 ἐπιθείσης
1273 663 1289 721 ὁ
1312 667 1381 732 ταῖς
1403 661 1524 746 ἀπροφυ·

173 763 292 837 λάκτως
314 763 487 854 παρέκυψεν.
513 763 605 829 Οὗτω
628 789 663 830 τε
687 768 789 855 συνέβη
813 775 866 855 τῆς
889 765 1030 855 λάρνακος
1055 768 1104 829 τόν
1128 766 1240 853 κόρακα
1263 767 1345 828 κατὰ
1368 775 1423 828 τοῦ
1447 766 1524 852 βρέγ-

173 894 266 958 ματος
289 873 509 954 κατενεχθέντα
533 876 703 937 ἀποκτεῖναι
727 875 823 937 αὐτόν.

282 978 484 1066 Exquisitam
508 981 597 1044 vocis
620 979 709 1069 κόραξ
741 980 982 1064 ambiguitatem
1017 990 1155 1067 praestat
1188 980 1320 1044 Niestae
1353 980 1523 1045 Choniataa

174 1090 314 1152 narratio
338 1087 378 1152 de
402 1097 502 1152 morte
534 1088 663 1153 Ioannis
697 1089 851 1155 Comneni
876 1113 905 1175 p.
931 1092 983 1174 55,
1017 1090 1060 1153 20
1088 1112 1155 1174 sqq.
1190 1087 1346 1171 (Bekker)
1370 1093 1396 1150 οί
1420 1079 1522 1161 δὲτὰς

172 1203 234 1256 τῶν
258 1195 399 1276 βασιλέων
423 1186 562 1283 διαδοχάς
585 1199 634 1259 καὶ
664 1199 837 1284 μεταθέσεις
871 1201 1097 1284 φιλοκρινοῦντες
1129 1198 1178 1258 καὶ
1210 1206 1298 1259 τοῦτο
1329 1202 1421 1284 πέρας
1453 1200 1523 1284 σιλη-

173 1299 254 1388 φέναι
277 1306 388 1391 ἔλεγον.

516 1460 623 1537 ώπῶς
647 1463 754 1552 γενήση
778 1467 880 1554 βρῶμα
903 1453 1001 1529 δεινῶν
1024 1463 1166 1552 κοράκων·

171 1645 213 1724 πῆ
236 1637 289 1725 μὲν
313 1641 340 1712 ἐς
363 1641 403 1703 τά
427 1640 539 1728 μέλανα
563 1643 612 1703 καὶ
635 1641 751 1725 σίζοντα
774 1631 886 1729 σιδήρια
913 1643 949 1705 τό
972 1644 1157 1729 παλαίφατον
1180 1650 1270 1705 τοῦτο
1292 1641 1394 1730 λόγιον
1417 1645 1520 1731 ἀφορᾶν

172 1745 385 1832 ἰσχυριζόμενοι,
411 1738 447 1810 δι’
470 1742 509 1809 ὧν
533 1752 548 1810 ό
572 1747 683 1835 καυτίηρ
706 1757 744 1837 τῇ
769 1751 841 1835 χειρὶ
863 1758 915 1810 τοῦ
940 1749 1080 1830 βασιλέως
1104 1748 1302 1837 ὲττενηνεκται,
1328 1757 1370 1836 πῆ
1395 1741 1467 1824 δ’ἐς
1489 1751 1520 1814 τό
1546 1825 1548 1828 ¹

171 1862 230 1914 τῶν
253 1855 360 1935 βουνῶν
382 1854 562 1942 προςώνυμον
576 1858 609 1935 ¹),
635 1855 676 1942 ἐφ’
701 1849 741 1917 ὧν
773 1856 876 1928 ἐκεῖνος
908 1856 1135 1944 κατεσκηνώκει,
1159 1857 1195 1919 τό
1225 1857 1430 1944 προφοίβαομα
1453 1861 1522 1920 ἀτο-

171 1958 297 2033 λόοντες.
322 1959 426 2024 Simili
449 1962 571 2025 ratione
595 1962 651 2025 fati
675 1984 804 2025 saevam
831 1964 1051 2027 necessitatem
1076 1962 1249 2051 Lysandri,
1275 1961 1434 2050 Philippi,
1459 1964 1521 2028 Da·

171 2065 286 2150 phidae
309 2067 455 2132 interitus
480 2067 629 2132 inlustrat
652 2069 692 2132 cf.
715 2073 748 2149 ο)
772 2068 963 2133 Plutarchus
979 2069 1045 2133 Vit.
1074 2070 1234 2157 Lysandri
1259 2069 1387 2134 XXIX
1413 2073 1434 2136 5
1457 2094 1523 2158 sqq,

171 2195 200 2258 p.
227 2177 293 2241 450
315 2174 371 2240 BC
395 2176 526 2238 ἐνταῦθα
548 2166 585 2263 δὴ
609 2184 663 2263 τῆς
685 2185 825 2264 στρατιάς
847 2181 1098 2265 καταυλισαμένης
1129 2178 1250 2265 λέγεταί
1279 2201 1344 2240 τινα
1366 2189 1430 2241 τῶν
1453 2176 1521 2241 Φω-

170 2281 245 2345 κέων
277 2286 368 2370 ἑτέρῳ
398 2281 438 2370 μίη
469 2283 669 2370 παρατυχόντι
699 2284 750 2346 τόν
782 2286 885 2371 ἀγῶνα
913 2275 1097 2371 διηγούμενον
1129 2289 1234 2369 εἰπεῖν,
1266 2290 1304 2357 ὡς
1336 2289 1361 2346 οί
1392 2289 1521 2373 πολέμιοι

170 2390 349 2478 προςπέσοιεν
374 2393 470 2463 αὐτοῖς
492 2399 546 2453 τοῦ
568 2381 744 2477 Λυσάνδρου
767 2392 819 2454 τόν
835 2388 982 2479 Ὁπλίτην
997 2383 1054 2480 ἤδη
1072 2383 1290 2480 διαβεβηκότος.
1316 2388 1519 2480 Θαυμάσαντα

169 2486 201 2560 δὲ
225 2494 414 2584 Σπαρτιάτην
436 2486 525 2583 ἄνδρα
548 2507 600 2560 τοῦ
624 2490 796 2586 Λυσάνδρου
827 2501 909 2585 φίλον
932 2500 1066 2585 ἐρέσθαι,
1099 2501 1163 2561 τίνα
1186 2499 1269 2586 λέγοι
1287 2499 1339 2561 τόν
1362 2495 1517 2587 Ὁπλίτην·

168 2607 201 2666 ot
224 2604 281 2690 γάρ
305 2594 407 2666 εἰδέναι
430 2604 567 2691 τοῦνομα.
593 2601 660 2667 ’Καὶ
683 2604 740 2692 μὴν
763 2606 825 2668 ἐκεῖ
845 2602 889 2692 γε’
913 2604 999 2692 φάναι
1024 2604 1099 2678 ’τοὺς
1127 2606 1256 2691 πρώτους
1279 2610 1363 2693 ἡμῶν
1387 2610 1413 2668 οί
1434 2607 1519 2669 πολέ-

169 2733 226 2796 μιοι
250 2711 425 2793 κατέβαλον·
450 2713 485 2774 τό
502 2713 557 2799 γάρ
575 2713 652 2800 παρά
669 2711 723 2797 τὴν
738 2714 822 2776 πόλιν
846 2716 958 2800 ῥεῖθρον
982 2709 1129 2799 Ὁπλίτην
1153 2713 1306 2776 καλοῦσιν’,
1338 2712 1517 2776 Ἀκοόσαντα

168 2808 200 2879 δὲ
224 2819 275 2880 τόν
298 2816 488 2907 Σπαρτιάτην
512 2810 687 2906 ἐκδακρῦσαι
711 2823 760 2881 καὶ
783 2825 879 2899 εἰπεῖν,
904 2825 943 2893 ώς
968 2819 1114 2905 ἄφευκτόν
1139 2821 1215 2882 ἐστιν
1238 2818 1388 2907 ἀνθρώπῳ
1412 2822 1448 2883 τό
1470 2842 1517 2882 πε·

167 2930 322 3013 πρωμένον.
348 2922 407 2987 Ἦν
430 2924 497 3013 γάρ,
522 2931 560 2999 ὡς
591 2932 673 3005 ἔοικε,
706 2936 750 3006 τῷ
782 2917 946 3013 Λυσάνδρῳ
977 2917 1126 3012 δεδομένος
1156 2925 1286 3014 χρησμός
1318 2925 1411 2999 οὕτως
1434 2934 1515 3014 ἔχων.

488 3082 635 3173 Ὀπλίτιην
658 3076 824 3148 κελάδοντα
848 3083 1037 3172 φυλάξασθαί
1060 3109 1092 3148 σε
1115 3085 1227 3149 κελεύω

487 3200 540 3279 γῆς
563 3215 598 3255 τε
623 3183 760 3279 δράκονθ’
784 3193 841 3256 υίόν
865 3184 960 3256 δόλιον
983 3193 1165 3256 κατόπισθεν
1190 3193 1279 3255 ἰόντα.

165 3366 248 3443 Τινὲς
282 3359 313 3432 δὲ
349 3370 399 3433 τόν
430 3367 576 3458 Ὁπλίτην
606 3374 640 3435 οὐ
668 3373 736 3459 πρός
769 3370 915 3459 Ἀλιάρτῳ
939 3373 993 3460 ῥεῖν
1016 3370 1164 3459 λέγουσιν,
1201 3370 1282 3433 ἀλλά
1316 3370 1384 3459 πρός
1420 3368 1515 3458 Κοριό-

163 3500 239 3540 νειαν
274 3476 448 3566 χειμάρρουν
481 3475 549 3541 εἶναι
582 3488 626 3559 τῷ
655 3476 778 3565 Φιλάρῳ
809 3488 935 3566 ποταμῷ
968 3477 1178 3566 συμφερόμενον
1220 3478 1299 3565 παρά
1332 3476 1386 3565 τὴν
1426 3479 1513 3558 πόλιν,

165 3584 196 3647 ὃν
218 3585 311 3648 πάλαι
334 3587 386 3673 μὲν
418 3582 552 3664 Ὀπλίαν,
576 3597 624 3647 νῦν
653 3576 684 3648 δὲ
716 3584 883 3671 Ἰσόμαντον
913 3585 1173 3673 προςαγορείιουσιν.
1224 3581 1262 3646 '0
1287 3574 1320 3646 δὲ
1344 3587 1512 3657 ἀποκτείνας

164 3695 215 3755 τόν
237 3684 407 3780 Λύσανδρον
431 3691 595 3780 Ἀλιάρτιος
619 3693 688 3782 ἀνὴρ
711 3695 801 3780 ὄνομα
825 3691 977 3780 Νεόχωρος
1001 3694 1139 3779 ἐπίσημον
1163 3688 1292 3779 εἶχετῆς
1317 3682 1436 3766 ἀσπίδος
1452 3682 1514 3779 δρά-

164 3821 266 3862 κοντα·
291 3802 340 3862 καὶ
370 3809 460 3863 τοῦτο
488 3803 633 3888 σημαίνειν
657 3807 672 3863 ό
696 3802 821 3889 χρησμός
844 3799 977 3884 εἰκάζετο
1007 3798 1044 3862 σί.
1071 3798 1110 3862 de
1144 3797 1278 3886 Pythiae
1313 3799 1451 3862 oraculis
1474 3800 1511 3862 27

165 3907 268 3988 (Mor.)
293 3931 320 3992 p.
345 3908 410 3972 408
435 3908 461 3970 B
486 3899 650 3995 Λύσανδρος
674 3899 706 3970 δὲ
742 3910 791 3969 καὶ
813 3904 997 3970 παντάπασιν
1030 3905 1170 3993 ἀγνοήσας
1196 3907 1245 3967 τόν
1270 3896 1445 3994 Ἀρχελίδην
1467 3906 1513 3968 λό·

164 4037 215 4102 φον
238 4016 287 4077 καὶ
316 4015 486 4078 Ἀλώποκον
518 4017 795 4103 προςαγορευόμενον
831 4016 953 4077 καὶτὸν
978 4010 1125 4101 Ὁπλίτην
1156 4015 1289 4100 ποταμόν
1312 4021 1367 4101 γῆς
1390 4037 1425 4076 τε
1450 4004 1511 4099 δρά-

163 4123 246 4184 κονθ’
270 4124 327 4185 υἱὸν
351 4114 446 4185 δόλιον
470 4124 650 4186 κατόπισθεν
675 4123 754 4185 ἰόντα
775 4122 858 4210 μάχή
883 4124 1039 4209 κρατηθεὶς
1064 4128 1163 4183 ἔπεσεν
1187 4124 1216 4183 ἐν
1239 4129 1297 4193 τοῖς
1321 4120 1420 4194 τόποις
1444 4121 1509 4183 ἑκεί-

163 4252 217 4303 νοις
240 4231 295 4293 ὑπό
318 4228 475 4318 Νεοχώρου
499 4230 663 4318 Ἀλιαρτίου
686 4222 785 4317 ἀνδρὸς
809 4226 918 4292 ἀσπίδα
942 4239 1094 4314 φοροῦντος
1127 4230 1264 4314 ἐπίσημον
1295 4228 1358 4313 όφιν
1381 4234 1506 4315 ἔχουσαν,

164 4336 219 4400 ubi
244 4337 417 4420 genuinam
435 4337 626 4423 scripturam
651 4327 832 4425 Ὀρχαλίδην
849 4348 880 4400 et
897 4333 1067 4399 Ἀλώπεκον
1084 4346 1169 4399 reete
1187 4332 1407 4398 Bernardakis
1427 4354 1502 4420 repo·

165 4548 472 4562 —a--n—..au--u-—a-u—-ud

270 4710 288 4776 ¹)
307 4714 347 4766 Cf.
368 4729 391 4777 p.
413 4712 455 4771 53,
477 4711 509 4764 17
528 4729 583 4779 sqq.
609 4707 632 4761 ἔν
649 4709 671 4761 δ’
691 4705 803 4781 εόρυτάτη
828 4704 1084 4778 στρατοπεδευσάμενος
1111 4704 1220 4779 φάραγγι,
1248 4703 1306 4759 καθ’
1329 4708 1357 4773 ἠν
1382 4703 1426 4777 όρη
1450 4701 1525 4758 tud-

160 4796 237 4870 φυμβα
256 4796 293 4850 ἐπὶ
311 4800 372 4850 πολὺ
392 4804 433 4850 τοῦ
452 4798 520 4871 ἀέρος
544 4798 669 4868 ἀνέβαινον,
694 4799 752 4869 άπερ
777 4799 850 4870 λόγος
869 4799 925 4868 αίρεῖ
951 4797 1064 4869 Κοράκων
1081 4797 1175 4858 νοσσιὰς
1199 4796 1376 4865 κικλήσκεσθαι,
1396 4796 1428 4860 εἰς
1447 4812 1542 4856 κυνη-

159 4889 237 4966 γέσιον
255 4887 328 4954 ἔξεισι.
