3360 5466
391 1651 906 1760 Dilucidationcs
961 1657 1307 1795 Aesopiam.

798 1903 907 1967 Scripsit

676 2065 761 2124 Leo
790 2065 1027 2126 Sternbach.

589 2270 1108 2323 .,.-„„„„ffi„-„-.

278 2568 475 2634 Fabulamm
499 2569 712 2655 Aesopiarum
737 2567 859 2658 sylloge
882 2592 900 2633 e
925 2569 1033 2635 codice
1057 2571 1200 2635 Parisino
1232 2574 1288 2638 Gr.
1316 2597 1345 2638 n.
1371 2578 1437 2640 690
1462 2599 1520 2640 nu·

171 2699 227 2760 per
242 2678 263 2759 1)
287 2687 378 2741 eruta
401 2698 438 2741 eo
462 2677 660 2761 potissimum
685 2677 812 2741 nomine
836 2676 986 2743 notabilis
1009 2692 1067 2762 est,
1091 2679 1176 2764 quod
1195 2680 1280 2744 haud
1304 2682 1423 2768 exigua
1447 2705 1520 2768 apo-

171 2783 315 2867 logorum
339 2806 413 2870 pars
436 2782 567 2871 reliquis
591 2785 731 2849 eiusdem
757 2786 937 2869 argumenti
962 2784 1080 2850 fabulis
1103 2799 1135 2850 et
1151 2787 1344 2852 inventionis
1368 2789 1463 2854 laude
1488 2802 1519 2854 et

170 2891 340 2954 verborum
366 2891 595 2976 compositione
619 2903 651 2956 et
675 2892 858 2978 incorrupta
882 2893 1036 2956 sermonis
1052 2894 1234 2978 integritate
1250 2893 1345 2978 longe
1369 2905 1517 2982 praestat.

169 2997 208 3061 In
233 3020 363 3061 censum
386 2998 521 3062 veniunt
544 2999 662 3062 Furiae
686 3020 800 3083 corpus
825 2999 1042 3063 Florentinum
1068 3000 1120 3081 (F)
1135 3005 1157 3078 ²)
1190 3011 1222 3065 et
1244 3000 1425 3066 fabularum
1451 3003 1518 3066 tlic-

168 3126 283 3169 saurus
307 3128 325 3168 a
349 3105 442 3170 Oorai
468 3106 554 3187 (013)
578 3105 759 3188 edomatus,
784 3105 956 3192 praecipue
973 3128 1050 3170 vero
1074 3109 1105 3169 in
1130 3110 1339 3172 contentionis
1363 3110 1517 3174 iudicium

167 3211 314 3276 vocanda
342 3221 389 3276 est
419 3212 574 3278 conlectio
608 3213 800 3297 Augustana
832 3213 887 3295 (Α)
921 3212 1037 3276 codicis
1067 3213 1269 3280 Monacensis
1301 3215 1359 3281 Gr.
1394 3240 1424 3280 n.
1451 3220 1516 3282 564

167 3343 187 3382 a
211 3319 441 3402 Schneiderot)
473 3319 593 3406 publici
624 3319 828 3401 indefecta,
862 3321 979 3407 qnippe
1011 3343 1094 3406 quae
1126 3321 1306 3408 exemplum
1336 3323 1516 3388 Parisinum

167 3428 345 3512 propinqua
368 3427 559 3513 cognatione
582 3427 756 3511 contingat.

168 3624 480 3633 ——-—.—..———-—-

277 3745 293 3810 ¹)
314 3747 475 3812 „Rozprawy
495 3709 637 3811 Wydzialu
656 3744 852 3811 filologicznego
871 3744 1010 3795 Akademii
1036 3744 1243 3812 Umiejetnoici‘⁴
1270 3746 1313 3796 rol
1341 3747 1406 3797 xxi
1425 3743 1515 3815 (1894)

166 3853 191 3901 p.
218 3835 269 3885 320
295 3850 350 3901 sqq.
375 3864 409 3874 -
434 3837 594 3902 Paginarum
620 3851 743 3885 numeros
769 3835 913 3885 secundnm
939 3834 1096 3898 exemplaria
1127 3835 1235 3884 seorsim
1267 3837 1394 3900 impressa
1419 3837 1515 3887 adferri

165 3942 267 3975 moneo.

274 4013 293 4082 ²)
314 4017 449 4081 „Fabulae
467 4016 605 4081 Aesopias,
624 4016 714 4080 quales
728 4022 790 4066 aute
804 4014 948 4064 Planudem
962 4012 1122 4077 ferebantur,
1141 4029 1172 4062 ex
1193 4020 1295 4064 vetusto
1314 4014 1409 4064 Codice
1428 4015 1514 4065 abba-

165 4108 218 4156 tiae
236 4107 352 4158 Florent.
372 4122 444 4156 nunc
462 4107 572 4171 primum
593 4111 683 4156 erutae
702 4120 757 4154 una
776 4119 836 4155 cum
855 4103 915 4153 aliis
934 4103 1029 4168 partim
1048 4101 1110 4152 hinc
1136 4101 1197 4153 inde
1222 4103 1340 4154 collectis
1369 4103 1463 4168 partim
1482 4121 1514 4155 ex

164 4195 247 4246 Codd.
266 4195 424 4261 depromptis
443 4196 541 4246 Latina
560 4195 678 4246 versione
698 4194 817 4260 notisque
830 4200 971 4243 exornatae
984 4207 1047 4242 cura
1061 4207 1093 4242 ac
1106 4191 1193 4242 studio
1213 4191 1347 4242 Francisci
1367 4191 1398 4243 ds
1411 4194 1511 4244 Furia‘⁴

161 4285 280 4349 (Lipsiae
300 4283 388 4348 1810)
408 4284 524 4334 Alteram
545 4283 660 4334 eiusdem
680 4283 765 4348 operis
784 4282 924 4332 editionem
944 4279 1049 4345 pararit
1068 4279 1178 4330 Carolus
1196 4281 1326 4330 Ernestus
1345 4279 1513 4347 christopho-

161 4389 209 4423 rus
228 4373 369 4424 Schneider
388 4373 505 4438 (Lipsiae
527 4371 611 4437 1810).

271 4461 290 4530 ¹)
311 4460 456 4532 „liaplppmr
480 4459 617 4527 ἹεἏληνικῆς
649 4458 804 4527 βιβλιοθήκης
835 4459 908 4527 τόμος
933 4456 1046 4526 δεύτερος,
1073 4453 1168 4507 ,litent
1193 4452 1332 4506 Αἰσωπείων
1366 4457 1507 4529 συναγωγὴ“

160 4554 297 4622 (Lutetiae
318 4553 478 4605 Parisiorum
500 4551 585 4616 1810).

269 4642 291 4708 ⁴)
312 4643 446 4705 „Fabulae
463 4641 592 4706 Aesopias
610 4658 624 4691 e
643 4640 733 4692 codice
752 4640 908 4705 Augustano
927 4653 998 4688 nunc
1016 4636 1128 4702 primum
1155 4635 1250 4686 editae.
1272 4664 1303 4672 —
1324 4637 1467 4688 Recensuit
1486 4646 1513 4689 et
1598 4678 1602 4685 .

158 4733 313 4785 emendarit
336 4734 377 4784 Jo.
405 4731 511 4783 Gottlob
535 4729 691 4781 Schneider⁴⁴
713 4729 898 4795 (vratislaviae
924 4725 1012 4789 1812).
1050 4725 1089 4774 Ex
1115 4724 1183 4776 PCA
1210 4733 1352 4775 manarunt
1378 4727 1512 4789 „Fabulae

155 4824 304 4893 Aesopicae
323 4823 457 4874 collectae.
476 4822 516 4872 Ex
537 4821 717 4887 recognitione
736 4817 824 4870 Caroli
844 4818 959 4868 Halmiiu
980 4816 1095 4882 (Lipsiae
1117 4813 1202 4878 1852).
1400 4890 1412 4917 1

1315 4920 1328 4974 1
