3360 5466
227 310 267 386 18
739 331 797 386 1.οο
819 342 1004 386 sammon.
1271 413 1273 416 Ι
1508 308 1576 388 13941

225 525 395 616 διαβάλλει,
431 555 495 620 que
528 530 598 596 loeo
632 534 678 596 ότι
710 555 774 595 non
808 542 893 596 reete
922 531 1095 595 delendum
1134 554 1203 596 esse
1232 532 1423 614 significavit
1460 530 1580 595 Knoel-

224 641 285 705 lius
309 639 350 705 ef.
375 638 466 704 Bodl.
503 641 543 703 18
573 638 614 725 (Ο
648 641 736 721 156¹)
765 641 825 702 ότι
855 640 921 713 τοὺς
952 630 987 701 δι’
1018 630 1176 726 ἀδυναμίαν
1211 639 1285 710 τινός
1315 638 1581 726 ἀποτυγχάνοντας

224 752 396 837 πράγματος
419 748 469 810 καὶ
491 748 636 819 θέλοντας
658 756 749 809 τοῦτο
772 736 821 808 διά
845 736 963 832 ψεύδους
987 746 1115 833 καλύψαι
1145 745 1310 833 ἐλέγχει
1336 751 1352 808 6
1376 749 1511 826 μῦθος,
1538 747 1579 810 25

224 858 286 919 ὅτι
310 857 339 919 ἐν
361 857 453 935 πόλει,
478 848 511 942 ἧς
534 860 656 942 ἔσχατοι
680 855 729 916 καὶ
752 852 868 941 ἀφρονες
891 863 1042 940 κρατοῦσιν
1078 855 1142 915 ἀντὶ
1171 862 1232 914 τῶν
1260 853 1384 940 πρόιτων
1414 855 1466 915 καὶ
1489 854 1581 939 φρονί-

225 988 298 1049 μων,
330 962 490 1050 ἁρμόζει
520 967 535 1024 6
567 964 708 1049 μῦθος,
741 962 784 1025 53
815 960 911 1039 (τί)
938 962 1000 1025 192
1024 963 1091 1023 sive
1114 961 1142 1023 F
1166 962 1243 1038 277)
1267 961 1328 1023 ὅτι
1350 961 1417 1032 τοὺς
1441 950 1580 1023 ἀπαιδεύ-

224 1094 291 1144 τους
322 1072 371 1133 καί
402 1073 528 1155 ἀμαθεῖς
557 1071 606 1131 καὶ
636 1066 837 1155 κομψολόγους
873 1069 984 1155 ἰατροὺς
1013 1074 1029 1131 6
1061 1068 1189 1154 παρὼν
1219 1071 1344 1154 μῦθος
1375 1067 1510 1155 (ἐλέγχει
1533 1069 1582 1129 καὶ

226 1175 315 1241 addit
338 1176 377 1260 C)
400 1176 640 1262 στηλιτεόει,
666 1180 711 1242 60
734 1174 895 1257 (=0199
920 1177 987 1238 sive
1012 1176 1039 1238 F
1062 1175 1141 1256 283)
1165 1177 1227 1238 ὅτι
1250 1178 1317 1249 τοὺς
1334 1177 1510 1263 ἀχαρίστους
1533 1177 1581 1237 καὶ

225 1283 405 1370 κακούργους
435 1284 503 1356 τοὺς
531 1286 595 1344 ἀντὶ
628 1286 754 1369 ἀγαθῶν
781 1282 862 1345 κακά
893 1273 1092 1355 ἀντιδιδόντας
1122 1289 1137 1345 6
1168 1287 1294 1370 μῦθος
1326 1283 1505 1369 ἐλέγχει,
1537 1285 1581 1347 76

227 1390 321 1475 (=O
346 1392 423 1454 213⁸
448 1393 516 1454 sive
540 1391 567 1453 F
599 1388 675 1470 294)
705 1392 765 1452 ὅτι
794 1391 861 1462 τοὺς
893 1393 1017 1463 εάτελεῖς
1048 1392 1172 1470 (ἀκλεεῖς
1205 1390 1242 1472 Ο)
1257 1394 1281 1469 1)
1311 1392 1360 1452 καὶ
1390 1380 1512 1470 ἀδόξους
1534 1391 1582 1452 καὶ

228 1503 412 1585 μαχομένους
433 1495 576 1580 τυράννοις
603 1495 771 1583 (τυράννους
795 1495 874 1559 falso
897 1497 935 1580 F,
960 1518 1024 1559 non
1047 1495 1086 1576 O)
1111 1497 1273 1584 ἐλέγχει
1295 1501 1311 1559 6
1337 1499 1461 1584 μῦθος
1486 1497 1582 1583 (λόγος

226 1603 275 1686 C),
301 1603 442 1689 79(=O
469 1605 544 1669 175Ι
561 1605 626 1667 sive
644 1604 672 1666 F
689 1604 766 1685 267)
790 1605 806 1665 6
819 1626 853 1664 τι
875 1604 929 1665 τοι)
952 1606 1068 1690 θρασεῖς
1090 1605 1141 1665 καὶ
1164 1594 1273 1676 δειλοὺς
1296 1608 1312 1666 6
1335 1606 1459 1688 μῦθος
1483 1605 1583 1690 (λόγος

227 1711 263 1792 Ο)
281 1711 460 1798 ἐλέγχει,
485 1712 552 1783 τοὺς
574 1711 736 1799 τολμηροὺς
752 1712 781 1773 ἐν
797 1720 855 1783 τοῖς
872 1710 969 1797 λόγοις
985 1709 1088 1797 (μόνοις
1104 1709 1252 1795 adiungit
1269 1710 1304 1792 O)
1327 1713 1377 1774 καί
1399 1713 1453 1774 οόκ
1478 1712 1507 1774 έν
1523 1721 1583 1783 τοῖς

228 1824 329 1905 έργοις,
355 1821 397 1884 85
422 1817 517 1898 (=C
547 1817 625 1881 234·
648 1818 714 1881 sive
738 1818 765 1880 F
797 1818 875 1897 303)
905 1819 967 1879 ὅτι
998 1816 1103 1894 (eieeit
1133 1818 1172 1902 F,
1204 1838 1267 1880 non
1299 1816 1338 1898 O)
1368 1818 1503 1906 ἅρπαγας
1533 1819 1582 1880 καὶ

226 1924 404 1996 πλεονέκτας
433 1923 544 2010 λγστάς
576 1924 605 1984 ἐν
637 1925 676 1986 ένὶ
691 1927 713 2003 2)
748 1925 911 2011 πταίσματι
950 1930 1094 2010 κειμένους
1122 1926 1171 1986 καὶ
1202 1922 1347 2009 ἀλλήλους
1378 1931 1579 2012 μεμφομένους

227 2036 243 2093 6
266 2034 386 2118 μῦθος
410 2029 508 2116 (λόγος
532 2029 567 2112 Ο)
593 2029 716 2118 ἑλέγχ
724 2053 764 2110 ει,
790 2033 834 2094 56
857 2032 917 2093 ὅτι
940 2031 1008 2103 τοὺς
1032 2021 1125 2112 ἀδίκῳ
1148 2031 1251 2119 γιώμγ
1282 2040 1491 2119 τυραννοῦντας
1513 2031 1582 2104 τοὺς

226 2141 318 2210 πέλας
343 2139 371 2200 ἐν
393 2135 558 2224 παραβάσει
581 2137 667 2224 νόμου
690 2142 705 2200 6
729 2141 849 2224 μῦθος
874 2138 1038 2225 ἐλέγχει,
1076 2139 1137 2203 107
1169 2139 1185 2200 6
1193 2163 1230 2200 τι
1259 2139 1326 2211 τοὺς
1360 2138 1580 2224 ἀπολλυμένους

229 2246 320 2324 οἰκεία
343 2244 484 2331 ἀφροσόνγγ
509 2249 524 2306 6
549 2247 668 2330 μῦθος
692 2245 864 2331 ἐλέγχει,
901 2247 959 2310 109
983 2246 1045 2307 ὅτι
1073 2236 1229 2332 κτιγνώδεις
1261 2236 1363 2332 ἀνδρας
1392 2246 1461 2318 τοὺς
1493 2268 1580 2308 τετυ-

228 2349 374 2437 φωμένους
398 2350 443 2412 ἐπ’
469 2352 633 2437 ἀλλοτρίαις
656 2341 754 2430 δόξαις
778 2356 793 2412 6
817 2353 941 2437 μῦθος
972 2351 1148 2439 ἐλέγχει,
1184 2354 1242 2415 111
1269 2352 1328 2415 ὅτι
1350 2352 1508 2438 ὑποκριτὰς
1532 2342 1581 2414 δο-

228 2458 303 2528 λίους
327 2461 418 2543 φιλεῖν
447 2456 589 2544 λέγοντας
618 2462 634 2520 6
665 2460 790 2544 μῦθος
822 2457 1003 2545 ἐλέγχει,
1041 2459 1101 2521 116
1135 2458 1228 2539 (ε-Ο
1252 2459 1329 2523 260·
1353 2457 1421 2521 sive
1445 2458 1473 2521 F
1498 2458 1578 2543 313)

228 2564 290 2626 ὅτι
313 2561 453 2645 (sustulit
476 2562 513 2647 O,
538 2586 602 2627 non
625 2563 663 2648 F)
688 2554 789 2652 ἀνδρας
817 2555 929 2638 δολίους
952 2567 1001 2626 καὶ
1032 2566 1137 2639 κακοὺς
1161 2567 1209 2628 καὶ
1240 2576 1300 2639 τοῖς
1329 2556 1485 2638 δεσπόταις
1509 2568 1580 2629 ἐπα-

228 2669 411 2757 νισταμένους
433 2675 448 2733 6
472 2673 594 2756 μῦθος
617 2671 714 2758 (λόγος
731 2671 769 2748 C)
794 2673 947 2759 ἐλέγχει,
975 2672 1037 2735 133
1054 2675 1104 2753 (π
1120 2671 1146 2736 C
1160 2672 1250 2752 280¹)
1274 2674 1333 2735 ὅτι
1350 2673 1412 2754 (καὶ
1427 2670 1519 2736 addit
1543 2671 1580 2753 C)

227 2777 295 2849 τοὺς
318 2779 491 2864 ἀχαρίστους
513 2779 563 2839 καὶ
586 2779 772 2865 βουλομένους
796 2779 863 2851 τοὺς
886 2780 983 2864 φίλους
1004 2782 1191 2842 πλεονεκτεῖν
1213 2784 1229 2843 6
1252 2783 1373 2866 μῦθος
1405 2780 1578 2868 ἐλέγχει

228 2883 359 2970 (ἐλέγχει
382 2888 398 2946 6
421 2882 507 2970 λόγος
530 2884 579 2968 C),
607 2884 668 2948 143
691 2885 752 2947 ὅτι
775 2886 841 2957 τοὺς
864 2875 1002 2958 ὑπνώδεις
1024 2887 1073 2947 καὶ
1096 2887 1200 2973 ἀργοὺς
1223 2888 1272 2949 καὶ
1295 2883 1328 2966 ἐξ
1343 2889 1505 2975 ἀλλοτρίων
1530 2887 1579 2949 πό-

230 3014 286 3051 νων
309 2989 496 3078 τρεφομένους
519 2994 534 3052 6
558 2993 679 3075 μῦθος
702 2990 875 3079 ἐλέγχει.
908 2991 1022 3055 Editor
1045 2991 1173 3078 quidem
1203 2992 1343 3079 undique
1372 2995 1417 3057 ότι
1440 2993 1576 3081 expulit,

228 3095 286 3160 sed
310 3106 471 3160 auctorem
496 3096 559 3182 ille,
583 3119 648 3161 non
671 3096 838 3162 librarium
863 3098 1013 3163 correxit.

835 3344 972 3411 CXCII.

335 3485 426 3562 Ὀνος
449 3491 498 3551 καὶ
519 3491 632 3577 ἡμίονος
655 3489 684 3550 ἐν
705 3489 810 3568 ταότῷ
834 3479 975 3572 ἐβάδιζον.
1002 3487 1061 3552 Καὶ
1083 3480 1120 3576 δὴ
1144 3488 1206 3562 όνος
1237 3495 1310 3577 ὀρῶν
1341 3491 1448 3577 ἀμφοῖν
1471 3491 1577 3578 γόμους

228 3598 302 3669 ἴσους
331 3596 417 3668 ὄντας
446 3595 608 3684 ἠγανάκτει
638 3597 687 3658 καὶ
718 3595 916 3682 ἐσχετλίαζεν,
949 3599 1010 3684 είγε
1034 3587 1215 3669 διπλασίονος
1247 3604 1353 3684 τροφῆς
1382 3596 1528 3686 ἠξιωμένιγ
1561 3602 1579 3686 ἡ

228 3705 340 3792 ίγμίονος
362 3693 444 3766 οὐδὲν
467 3702 668 3791 περιττότερον
693 3702 841 3787 βαστάζει.
878 3693 1044 3789 11ικρὸνδὲ
1077 3707 1173 3766 αὐτῶν
1205 3712 1258 3793 τῆς
1286 3694 1354 3767 ὁδοῦ
1385 3705 1580 3792 προῖόντωνὸ

227 3808 371 3898 ὀνκγλάτςς
394 3814 466 3896 ὀρῶν
488 3810 540 3872 τόν
567 3810 630 3872 ὄνον
660 3809 792 3897 ἀντέχειν
824 3807 864 3897 μὴ
899 3799 1057 3898 δυνάμενον
1088 3810 1262 3898 ἀφελόμενος
1293 3813 1382 3874 αὑτοῦ
1405 3810 1441 3874 τό
1464 3813 1580 3899 φορτίον

228 4006 309 4012 --.-
319 4004 538 4013 -..ρ’-...ἡ

336 4125 355 4191 1)
374 4125 413 4178 Cf.
433 4126 543 4176 Babrius
562 4125 598 4178 84
617 4122 759 4194 κατηγορίαν
778 4121 791 4174 6
810 4124 883 4195 λόγος
911 4124 1010 4195 περιέχει
1036 4124 1117 4195 ἀνδρδς
1142 4125 1290 4185 εὐτελοῦς
1317 4124 1355 4175 καλ
1379 4123 1431 4176 λίαν
1454 4123 1579 4194 ἀδυνάτου,

228 4211 352 4283 ὑπολήψεις
370 4212 395 4264 δέ
420 4213 525 4284 μεγάλας
550 4212 600 4283 περ)
626 4210 710 4264 ἐαυτοῦ
734 4215 876 4284 κεκτημένου
894 4225 921 4267 et
941 4218 1064 4282 Syntipas
1089 4216 1124 4268 47
1143 4217 1208 4285 (είνο
1228 4216 1248 4267 C
1269 4215 1355 4281 213⁶)
1373 4212 1386 4266 6
1405 4214 1485 4284 μῦθος
1504 4210 1574 4276 οὗτος

228 4302 304 4369 δηλοῖ,
325 4301 356 4362 ιῖις
375 4301 414 4353 καλ
433 4302 558 4372 ἀνθριιιποί
577 4321 632 4363 τινες
657 4302 795 4363 εὐτελεῖς
819 4302 868 4373 ’ἁμα
893 4303 931 4355 καὶ
960 4302 1057 4374 ἄφρονες
1082 4304 1208 4372 προδήλως
1233 4302 1387 4375 τυγχάνοντες
1405 4305 1503 4356 δοκοῦσι
1520 4304 1580 4356 καθ’

228 4389 322 4451 ἑαυτοὺς
340 4394 387 4442 τῶν
406 4390 429 4444 ἐν
447 4398 502 4463 τιμῇ
520 4410 545 4443 τε
563 4391 602 4443 καλ
626 4392 714 4444 συνέσει
732 4394 906 4463 διατρεπόντων
923 4391 1041 4463 ὑπάρχειν.
1069 4396 1113 4445 ubi
1138 4392 1266 4462 κρείττονες
1290 4396 1394 4446 videtur
1417 4395 1446 4445 in
1464 4395 1517 4447 fine
1536 4413 1579 4446 ex·

229 4482 333 4533 cidisse.

337 4569 356 4638 ²)
376 4568 407 4619 ἐν)
425 4574 447 4622 Β
466 4579 493 4623 et
511 4573 540 4634 Ο,
567 4568 590 4621 ἐν
614 4569 645 4621 ἐν)
671 4590 735 4623 corr.
762 4574 860 4641 corais,
880 4569 903 4623 ἔν
921 4590 961 4623 τινι
987 4589 1123 4639 perperam
1148 4573 1285 4624 Knoellius
1311 4573 1393 4626 edidit
1411 4575 1446 4625 cf.
1465 4575 1581 4626 Rubrius

228 4658 280 4711 105
299 4655 312 4709 6
331 4658 409 4728 μῦθος
428 4659 543 4728 (δικαίως)
565 4663 703 4730 προςρόρως
722 4659 851 4729 ῥηθήσεται
871 4661 929 4731 προς
948 4659 1030 4730 ἀνδρας
1050 4659 1143 4721 ἀδίκους
1162 4658 1281 4726 ἀλλήλους
1300 4659 1449 4731 αἰτιωμένους
1469 4659 1520 4712 ἐπ)
1539 4667 1580 4732 τῷ

228 4747 311 4816 αὐτῷ
328 4747 455 4818 πταίσματι
473 4749 596 4818 κειμένους,
616 4769 667 4817 quo
686 4753 742 4804 loco
761 4749 854 4811 δικαίως
873 4769 932 4803 eum
957 4753 1109 4803 Eberhardo
1134 4752 1236 4803 inclusi.
1275 4753 1363 4804 Minus
1387 4759 1457 4804 reete
1485 4750 1581 4811 δικαίως

228 4834 267 4887 καλ
285 4840 423 4908 προςρόρως
441 4842 586 4905 reponebat
604 4843 773 4908 Beissonade‚
793 4842 931 4893 Gitlbeuer
950 4842 1075 4892 falsisime
1094 4838 1188 4900 δικαίοις
1207 4841 1318 4909 scripsit.
