3360 5466
168 326 210 388 10
703 345 760 385 nso
784 345 968 386 srsnsmeu.
1446 318 1514 392 [3⁸⁶]

165 559 195 617 p,
236 537 316 599 1182
350 557 396 620 sq.
431 533 641 622 (Bernhardy)
673 525 802 622 Δαφίθας
835 532 1007 622 Temese,
1039 535 1239 622 γραμματικός
1268 537 1424 621 γεγραφὼς
1456 535 1515 620 περὶ

167 639 298 730 Ὀμήρου
321 645 370 704 καὶ
393 650 445 728 τῆς
468 647 559 704 αὐτοῦ
582 646 733 729 ποιήσεως,
758 643 802 705 ὅτι
826 640 979 729 ἐψεύσατο·
1026 639 1179 729 Ἀθηναῖοι
1206 642 1263 728 γὰρ
1286 645 1341 703 οὐκ
1364 640 1515 728 ἐστράτευ-

165 772 217 811 σαν
241 750 287 811 ἐπὶ
310 746 407 812 Ἴλιον.
454 746 512 810 Ἦν
537 739 569 812 dd
592 743 673 821 οὗτος
697 739 910 836 λοιδορούμενος
931 751 1019 811 παντὶ
1042 751 1091 811 καὶ
1114 749 1213 835 μέχρις
1240 751 1337 810 αὐτῶν
1361 746 1402 835 μὴ
1426 737 1514 834 perdo

165 878 247 944 μενος
270 866 330 918 τῶν
353 859 443 919 θεῶν.
491 853 551 918 Καὶ
574 852 726 918 Ἄτταλον
750 856 801 942 μὲν
825 855 876 917 τόν
904 856 1024 936 βασιλέα
1054 853 1214 941 Περγάμου
1245 845 1294 917 δια
1325 863 1416 917 τοῦτο
1441 860 1514 940 ἐχειν

166 966 247 1043 αὐτῷ
272 963 505 1043 ἐπιβουλεύοντα.
532 960 581 1035 Εἰς
605 953 636 1024 δὲ
658 961 713 1050 τἠν
746 959 862 1025 Πυθίαν
893 962 1021 1025 ἐλθόντα
1051 963 1125 1024 ποτὲ
1158 961 1303 1023 σκώπτειν
1326 965 1365 1033 εἰς
1388 961 1424 1023 τό
1448 985 1515 1048 μαν-

164 1081 242 1133 τεῖον
266 1072 315 1132 καὶ
339 1071 521 1157 έπιγελῶντα
546 1070 673 1156 ἑρέσὲαι,
698 1074 722 1132 εἰ
745 1071 796 1132 τὸν
817 1070 903 1132 ἰ’ππον
927 1067 1048 1156 εὑρήσει·
1081 1071 1246 1157 χρησθῆναι
1270 1060 1303 1131 δὲ
1328 1072 1411 1149 αὐτῷ
1436 1067 1514 1155 εὑρή-

165 1199 223 1239 σειν
245 1177 371 1257 ταχέως.
419 1173 495 1238 Εἶτα
520 1176 625 1239 έκεὶνον
649 1166 840 1263 θιαθρυλησαι
862 1187 968 1255 τοῦτο,
1001 1177 1046 1237 ὅτι
1070 1167 1143 1264 μηδὲ
1166 1169 1202 1263 ἦν
1226 1179 1308 1256 αὐτῷ
1331 1177 1418 1248 ἵππος
1441 1169 1513 1263 μηδὲ

165 1283 313 1346 ἀπώλετο.
339 1281 586 1369 Ἀναχωρησοιντα
609 1274 641 1346 δὲ
665 1283 877 1369 συλλαβόμενος
931 1280 1080 1356 Ἄτταλος
1113 1281 1236 1362 ἐπέταξε
1260 1286 1515 1371 κατακρημνισθη

165 1413 220 1451 ναι·
244 1390 273 1451 ἐν
297 1395 320 1469 ῲ
346 1380 377 1451 δὲ
400 1389 482 1469 τόπῳ
505 1399 595 1452 τοῦτο
627 1389 761 1477 ἐγένετο,
795 1391 931 1452 ἐκαλεῖτο
961 1386 1063 1462 Ἵππος
1086 1395 1101 1452 ό
1124 1390 1218 1463 τόπος.
1265 1387 1327 1452 Καὶ
1350 1397 1428 1478 ε’γνω
1450 1393 1515 1477 πρός

165 1506 210 1576 τῷ
233 1495 358 1577 θανάτῳ
382 1495 422 1584 μὴ
456 1494 597 1584 ἐψεῦσθαι
627 1497 662 1559 τό
692 1497 799 1583 λόγιον.
847 1494 955 1569 Οὕτως
978 1496 1009 1577 (l.
1034 1490 1129 1577 οὗτος)
1161 1491 1209 1560 οὖν
1240 1498 1386 1582 ἐνυβρίσας
1421 1499 1514 1570 κακῶς

165 1605 313 1685 ἀπώλετο,
340 1603 489 1668 Valerius
514 1603 675 1667 Maximus
699 1605 715 1667 1
739 1607 759 1667 8
784 1604 860 1666 Ext.
884 1607 905 1667 8
929 1626 1001 1667 nou
1026 1605 1170 1668 invitus
1198 1603 1287 1667 huie
1322 1603 1513 1668 subnecto

163 1711 389 1797 Daphidam,
414 1711 559 1796 nequis
578 1712 738 1795 ignoret,
763 1719 946 1797 quantum
971 1710 1200 1774 interfuerit
1224 1711 1413 1775 cecinisse
1437 1710 1514 1775 deo·

164 1839 247 1881 rum
278 1816 416 1881 laudes
440 1828 477 1881 et
500 1839 638 1881 numen
663 1817 917 1882 obtrectasse.
944 1817 1016 1881 Hie
1040 1840 1122 1881 eum
1149 1818 1230 1881 eius
1254 1816 1383 1881 studii
1406 1828 1514 1902 esset,

168 1926 276 1988 euius
294 1925 534 2010 professores
557 1923 750 2008 sophistae
775 1937 972 2004 vocantur,
998 1927 1152 2010 ineptae
1176 1924 1421 1989 etmordaois
1444 1926 1515 2012 opi·

164 2032 337 2096 nationis
368 2029 619 2117 Appollinem
652 2030 814 2117 Delphis
847 2031 1036 2095 irridendi
1072 2052 1190 2096 eausa
1222 2031 1439 2117 consuluit,
1470 2054 1513 2096 au

163 2160 297 2225 equum
324 2139 499 2202 invenire
524 2151 661 2225 posset,
694 2163 777 2202 eum
807 2139 961 2202 omnino
985 2138 1132 2202 nullum
1157 2139 1368 2204 habuisset.
1393 2138 1512 2205 Cuius

165 2269 209 2310 ex
234 2247 388 2311 oraeulo
413 2245 564 2309 reddita
589 2268 661 2309 vox
685 2258 742 2310 est
768 2248 1021 2311 inventurum
1045 2267 1199 2332 equum,
1223 2245 1288 2311 sed
1306 2256 1347 2310 ut
1370 2267 1413 2310 eo
1438 2268 1514 2331 per·

164 2352 345 2417 turbatus
375 2353 529 2438 periret.
581 2352 670 2416 Inde
695 2375 781 2416 eum
814 2352 1051 2417 iocabundus
1079 2354 1192 2437 quasi
1224 2351 1361 2417 delusa
1393 2375 1514 2417 saera·

164 2482 242 2523 rum
269 2461 426 2524 sortium
452 2459 531 2523 fide
555 2471 829 2545 reverteretur,
854 2458 991 2523 incidit
1014 2460 1049 2521 in
1076 2482 1201 2544 regem
1219 2457 1412 2545 Attalum,
1437 2481 1512 2523 sae·

164 2588 372 2652 penumero
397 2590 415 2628 a
439 2590 477 2630 se
502 2566 788 2631 contumeliosis
811 2567 926 2631 dietis
950 2566 1145 2631 absentem
1170 2566 1394 2631 lacessitum
1420 2567 1513 2631 eius-

164 2697 235 2759 que
259 2675 366 2738 iussu
395 2697 505 2759 saxo,
531 2674 590 2737 eui
618 2697 754 2737 nomen
787 2683 873 2739 erat
900 2674 1013 2759 Equi,
1037 2676 1320 2759 praecipitatus
1349 2673 1394 2737 ad
1420 2673 1511 2738 deos

165 2804 285 2866 usque
317 2780 560 2845 cauillandos
592 2780 779 2844 dementis
814 2781 932 2844 animi
964 2781 1061 2844 iusta
1093 2781 1284 2866 supplicia
1317 2780 1510 2865 pependit

163 2887 256 2951 Adde
290 2886 475 2952 Ciceronem
506 2887 546 2951 de
576 2886 642 2952 sato
667 2888 762 2952 1115
798 2888 827 2950 si
859 2885 1055 2972 Daphitae
1087 2886 1208 2950 fatum
1236 2886 1312 2951 fuit
1341 2909 1389 2951 ex
1421 2909 1512 2974 equo

164 2993 302 3058 eadere
326 3007 438 3080 atque
463 2997 517 3057 ita
540 2997 684 3080 perire,
716 3015 761 3058 ex
786 2994 904 3057 hooue
928 3015 1045 3079 equo,
1077 2995 1249 3079 quicum
1285 3015 1410 3078 equus
1434 3016 1510 3058 nou

163 3113 274 3188 esset,
299 3124 431 3165 nomen
456 3101 623 3165 habebat
647 3102 837 3165 alienum?
868 3139 903 3147 -
930 3101 1027 3165 Paulo
1051 3101 1142 3165 aliter
1164 3099 1280 3166 Strabo
1306 3102 1389 3165 XIV
1420 3105 1446 3187 1,
1471 3103 1509 3166 39

163 3230 191 3291 p.
216 3211 281 3272 647
307 3207 514 3291 (Casaubon.)
539 3219 633 3271 κεῖται
657 3199 682 3271 θ’
706 3209 735 3271 ἐν
756 3200 848 3289 πεδίῳ
871 3210 937 3294 πρὸς
959 3209 1016 3294 όρει
1040 3209 1209 3295 καλουμένῳ
1234 3208 1356 3295 Θώρακι
1379 3213 1397 3295 η
1421 3209 1510 3292 πόλις,

163 3312 206 3402 ἐφ’
229 3322 252 3394 ῳ
276 3319 481 3402 σπαυρωθῇναί
504 3339 571 3402 φασι
595 3316 727 3402 Δαῳιταν
750 3317 801 3378 τόν
825 3317 1027 3402 γραμματικόν
1050 3306 1260 3403 λυιθυρησαντκ
1287 3317 1353 3387 τοὺς
1378 3316 1510 3396 βασιλέας

163 3411 212 3483 θεοὶ
235 3411 373 3509 θιστίχου·

484 3583 633 3671 πορφύρεοι
656 3582 809 3671 μώλωπες,
835 3583 1052 3673 ἀπορρινηματα
1075 3583 1165 3674 γάζης

503 3687 690 3778 Λυσιμάχου,
715 3682 826 3753 Audeo
850 3694 955 3778 ἄρχετε
979 3689 1188 3779 κα1111ρυηιίης.

161 3845 222 3910 Καὶ
244 3848 342 3936 λόγιον
365 3838 392 3910 θ’
416 3851 547 3912 ἐκπεσεῖν
571 3854 653 3929 αὐτῷ
676 3851 797 3937 λέγεται
820 3850 1024 3938 φυλάττεσθαι
1046 3852 1097 3912 τόν
1121 3848 1261 3937 Θώρακα.

267 3955 319 4019 Ex
343 3955 458 4019 fabulis
481 3957 628 4041 Aesopiis
652 3956 795 4042 inprimis
820 3958 882 4020 huo
906 3958 983 4020 t'aeit
1007 3957 1033 4021 O
1058 3961 1122 4022 ‘aet-
1139 3962 1177 4037 ¹):

267 4062 335 4126 Υἱόν
358 4088 400 4138 τις
432 4065 523 4152 γέρων
555 4056 647 4137 δειλός
679 4073 817 4152 μονογενῆ
851 4074 928 4152 έχων
959 4074 1086 4152 γενναῖον
1120 4075 1254 4152 κυνηγεῖν
1285 4065 1431 4154 ἐφιέμενον
1454 4057 1508 4130 εἴθε

159 4182 264 4235 τοῦτον
295 4173 366 4235 καθ’
398 4172 500 4245 ὕπνους
530 4173 585 4235 ὑπὸ
616 4173 732 4245 λέοντος
762 4173 968 4236 ἀναλωθέντα·
1001 4174 1139 4260 φοβηθεὶς
1171 4164 1213 4257 δέ,
1246 4171 1349 4260 μηπως
1372 4179 1387 4237 ό
1411 4175 1508 4261 ὄνειρός

162 4369 245 4376 0.-.-

270 4489 290 4555 ¹)
310 4491 435 4541 Herodoti
462 4493 635 4542 narrationem
656 4493 687 4542 de
707 4490 796 4543 Croesi
822 4493 875 4542 tilio
900 4491 1068 4557 (131·151
1095 4493 1194 4542 auctori
1220 4498 1309 4541 nostro
1332 4500 1396 4542 ante
1423 4493 1510 4544 oeulos

159 4581 323 4630 obversatam
344 4596 401 4631 esse
421 4597 554 4645 perperam
575 4584 664 4631 Corsis
684 4584 778 4632 statuit
805 4599 829 4646 p.
853 4580 900 4632 lii)
921 4599 945 4634 ιι.
968 4583 996 4644 13
1024 4583 1148 4632 llerodoti
1172 4583 1284 4646 vestigia
1309 4590 1433 4646 premunt
1453 4583 1510 4633 Dio

159 4669 237 4717 dorus
264 4670 367 4719 Siculus
395 4673 429 4719 lX
450 4672 492 4731 211,
519 4673 652 4720 hui-ianua
672 4672 755 4735 dupit.
782 4673 887 4722 ‹Jontut
919 4671 947 4721 12
973 4676 1042 4735 (eum
1069 4671 1204 4734 mairoliis),
1229 4669 1395 4722 achetimum
1421 4673 1510 4722 Dionis

159 4757 336 4821 t'hrysoatomi
358 4760 428 4807 bxv
450 4761 498 4810 voi.
514 4762 536 4809 11
554 4776 577 4825 p.
592 4761 643 4811 708
662 4760 782 4825 (Reiske)
801 4768 828 4811 et
845 4761 968 4810 Aristidis
988 4761 1075 4810 XLVI
1095 4760 1144 4810 vol.
1161 4761 1198 4808 111
1214 4777 1237 4823 p.
1252 4758 1305 4811 464
1323 4760 1468 4832 (Diodori),
1479 4788 1510 4798 —-

159 4845 279 4898 Valerius
299 4849 430 4900 blaximus
450 4849 461 4896 1
482 4849 497 4900 7
517 4851 571 4899 Eut
599 4849 624 4901 1.
