3360 5466
160 244 204 326 26
678 264 736 320 tuo
758 256 943 319 mansion.
1431 236 1483 321 [ic]

161 471 201 560 μη
226 471 366 559 ὥρασιν
388 471 479 532 ἵκοιτο
501 480 561 531 τῶν
584 467 654 553 ὑπὲρ
685 467 773 530 αὐτόν
797 467 960 554 ἐπιθυμῶν,
994 463 1034 528 dc
1066 464 1134 530 Salt
1167 464 1252 554 opt]
1284 466 1422 555 ὥρασιν
1447 466 1487 556 ἄρα

161 581 282 665 ἱκοίμην,
316 581 342 641 εἵ
370 599 400 639 τι
428 584 560 640 τοιοῦτον
592 575 772 662 ἀνασχοίμην
800 579 883 653 ποτέ,
915 569 1000 636 Dial.
1035 570 1162 636 Merctr.
1195 573 1230 637 X
1254 573 1276 636 3
1298 571 1340 661 μὴ
1370 573 1487 662 ὥρασιν

160 688 253 749 ἵκοιτο
282 689 297 747 ό
331 689 416 771 λῆρος
447 684 551 754 ἐκεῖνος
582 690 706 743 τοιαῦτα
736 670 880 743 παιδεύων
907 680 944 742 τό
974 678 1127 767 μειράκιον.
1165 678 1345 745 Scholiasta
1376 680 1487 746 Luciani

162 791 294 858 Vhacc
325 789 458 854 adnotat
489 788 600 873 (Deos.
634 784 734 870 Dial.)
763 788 973 850 σεσολοίκισται
995 787 1047 872 μίν
1071 784 1224 860 Ἀττικῶς·
1248 787 1356 874 ὤφειλε
1377 788 1438 877 γόρ·
1459 788 1488 877 μη

162 900 237 987 ὥροις
258 900 359 961 ἵκοιτο·
384 903 445 960 ἐστι
469 887 501 959 δὲ
524 905 612 958 τοῦτο
633 895 671 957 τό
694 896 723 957 ἐν
744 902 781 982 τῇ
806 895 954 981 συνηθείᾳ·
981 892 1022 981 μὴ
1046 894 1126 957 καλοὶ
1149 897 1232 975 αὐτῷ
1255 896 1296 957 τοὶ
1320 902 1391 983 ἐτη,
1413 895 1449 984 μὴ
1474 902 1478 914 “

163 1006 260 1093 καιρόν
283 1003 389 1092 φθάνοι
403 1004 424 1086 ¹)
448 1015 479 1066 ct
502 1001 554 1084 (dc
578 1001 671 1080 Sall.)
697 999 835 1064 Ἀττικόν
857 1009 947 1063 τούτο
964 1003 1013 1062 καὶ
1035 1001 1166 1064 σόλοικον
1190 991 1303 1064 δοκοῦν·
1329 1004 1430 1090 ὤφειλε
1448 1005 1489 1092 γὰρ

163 1111 203 1200 μὴ
228 1111 301 1199 ὥροις
324 1106 394 1173 εἶναι
417 1107 573 1196 αἰτιατική·
598 1111 727 1197 σημαίνει
750 1099 783 1171 δὲ
805 1107 850 1171 τό·
874 1106 914 1195 μὴ
939 1112 976 1180 εἰς
998 1109 1117 1171 τούπιὸν
1139 1109 1260 1197 φθάνω,
1286 1110 1399 1195 ineptit
1420 1111 1490 1176 Con·

164 1227 324 1283 mentator
362 1218 393 1283 G
433 1216 487 1299 (ad
528 1216 612 1280 Dial.
649 1215 688 1279 dc
721 1213 801 1282 salt.
844 1217 878 1294 h)
917 1215 998 1278 τοῦτ’
1038 1222 1113 1278 ἐστιν
1147 1215 1188 1304 μὴ
1223 1222 1261 1291 εἰς
1293 1219 1409 1306 οὐρανόν
1443 1217 1490 1305 ἤτοι

163 1323 323 1413 Ὀλυμπον
346 1326 411 1414 ἤτοι
442 1331 480 1398 εἰς
509 1323 564 1410 τὴν
588 1334 649 1386 τῶν
679 1323 818 1411 μακτίρων
845 1324 947 1387 ἵκοιτο.
993 1319 1084 1412 Ὧραι
1107 1324 1164 1411 γὰρ
1194 1325 1273 1412 παραὶ
1302 1334 1363 1398 τοῖς
1384 1329 1492 1395 παλτοῖς

161 1443 215 1497 τοῦ
238 1437 357 1521 ούρανοῦ
379 1433 479 1510 πύλαι,
504 1432 595 1518 ὥςπερ
617 1426 752 1517 Ὅμηρος
776 1428 826 1509 (ΙΙ.
846 1433 876 1512 ἵ),
902 1432 966 1495 749
989 1433 1059 1515 sq.).
1080 1431 1239 1517 ἀφικέσθαι
1259 1421 1294 1495 δὲ
1312 1432 1426 1494 τούτων
1446 1430 1492 1493 ἐλό-

161 1563 248 1628 γοντο
279 1545 305 1603 οἵ
327 1552 427 1602 πασῶν
458 1541 584 1625 χαρίτων
611 1537 823 1624 τετυχηκότες·
855 1539 905 1598 καὶ
936 1527 984 1600 διὰ
1014 1547 1103 1600 τοῦτο
1136 1535 1341 1626 Φιλόστρατος
1371 1543 1452 1603 εἴκοσι
1468 1531 1490 1616 β’

160 1649 281 1731 (immoz
306 1647 338 1709 ll
363 1647 419 1729 34)
442 1647 505 1732 περὶ
530 1641 627 1730 Ὡρῶν
650 1644 728 1707 ούτω
752 1647 843 1730 λέγει·
867 1640 910 1706 ’τό
934 1643 986 1728 μὲν
1009 1645 1056 1708 ἐπὶ
1077 1653 1142 1717 ταῖς
1163 1640 1271 1733 Ὥραις
1293 1642 1364 1709 εἶναι
1385 1647 1436 1719 τοίς
1452 1651 1491 1706 τοῦ

159 1757 278 1840 ούρανοῦ
300 1754 394 1825 πύλας
418 1748 539 1838 Ὁμήρῳ
570 1753 689 1838 ἀφῶμεν
719 1741 822 1814 alhaum
853 1753 902 1814 καὶ
932 1757 1017 1838 ἐχειν·
1048 1753 1122 1824 εἰκός
1152 1751 1210 1840 γτίρ
1239 1774 1296 1814 που
1328 1755 1416 1816 αὐτόν
1443 1750 1493 1836 ξγ·

162 1862 300 1950 γενέσθαι
323 1870 386 1933 ταῖς
423 1855 540 1946 Ὥραις,
566 1861 617 1921 ὅτε
641 1860 694 1921 τὸν
716 1861 822 1944 αἰθέρα
850 1856 960 1946 ἑλαχε’.
1006 1854 1089 1948 Ὅρα
1111 1860 1163 1922 τόν
1185 1860 1274 1947 λόγον
1297 1857 1491 1948 Φιλοστρίτου,

162 1969 386 2052 Aristophanis
409 1989 537 2030 vorsum
563 1967 711 2053 (Lysistr.
741 1965 837 2050 1033)
860 1965 909 2028 his
925 1965 1032 2030 verbis
1055 1966 1202 2030 circumit
1217 1965 1397 2032 Scholastia
1420 1967 1494 2029 Puto

164 2098 265 2140 anns:
297 2074 446 2137 τουτέστιν
477 2074 557 2136 ἀλλα
586 2075 619 2134 ού
643 2073 723 2135 κατα
746 2073 799 2143 ταὶς
823 2073 896 2159 ὥρας
918 2074 967 2134 καὶ
987 2073 1038 2135 τόν
1062 2074 1157 2160 καιρόν
1180 2074 1287 2137 ἵκοισθ’
1314 2077 1358 2137 ἅν.
1385 2112 1423 2120 -
1447 2071 1495 2135 ux-

165 2182 375 2247 sccrationcm
398 2181 491 2244 aliter
515 2180 700 2265 exprimunt
724 2179 914 2242 Timocreon
938 2179 1082 2243 Rhodius
1105 2179 1193 2265 apud
1218 2178 1424 2244 Plutarchum
1446 2176 1494 2242 Vis

165 2287 386 2352 Themistoclis
413 2287 499 2350 XXI
523 2290 544 2350 ό
570 2309 598 2372 p.
627 2287 689 2349 122
716 2286 746 2348 l)
769 2290 795 2347 οἵ
818 2276 842 2348 θ’
865 2285 968 2371 ἤσθιον
991 2286 1139 2374 κηῦχοντο
1155 2284 1196 2373 μὴ
1217 2286 1294 2375 ὥραν
1317 2281 1496 2375 Θεμιστοκλέ-

166 2420 212 2469 ους
235 2398 373 2483 γενέσθαι
397 2406 427 2457 et
450 2391 712 2480 Theophylactns
737 2393 911 2456 Siinocatta
934 2393 1035 2477 Epist.
1066 2395 1103 2457 l'i
1129 2417 1159 2478 p.
1185 2396 1249 2459 768
1274 2391 1418 2479 (Hcrchc
1433 2392 1446 2480 )
1464 2389 1492 2478 μὴ

164 2505 256 2566 ἵκοιτο
281 2504 353 2587 ὥρας
377 2506 392 2564 ό
416 2498 585 2574 Λεύκιππος
609 2499 647 2564 cf.
673 2502 802 2583 insuper
824 2498 929 2564 Schol.
955 2499 996 2564 ad
1019 2499 1244 2585 Aristophanis
1275 2499 1414 2590 Lysistr.
1438 2498 1495 2581 690,

166 2610 218 2675 ubi
243 2610 345 2673 verba
366 2611 412 2671 ἵνα
434 2616 541 2696 μηκέτι
563 2607 644 2696 φαγη
668 2598 793 2696 σκόροδα
816 2598 891 2696 μηδὲ
915 2608 1042 2695 κυάμους
1074 2612 1200 2694 μέλανας
1223 2608 1268 2673 ita
1296 2607 1495 2694 explicantur:

164 2716 274 2806 ἵναμὴ
298 2723 335 2790 εἰς
358 2718 433 2804 ὥραν
456 2719 545 2804 ἔλθη.
570 2715 657 2779 Bane
681 2715 842 2779 ominandi
867 2713 1034 2779 formulam
1060 2715 1207 2780 adhibuit
1223 2728 1317 2800 pocta
1333 2716 1493 2790 incertus²l

167 2841 266 2906 Anth.
291 2839 360 2904 Pal.
386 2839 455 2904 XII
482 2841 555 2924 107,
584 2841 593 2900 1
622 2861 668 2925 sq.

423 2983 475 3046 τόν
499 2981 599 3062 καλόν,
624 2975 648 3044 ὦ
674 2977 807 3069 Χάριτες,
839 2980 992 3061 Διονύσιον,
1017 2987 1041 3046 εἰ
1064 2982 1116 3071 μὲν
1138 2984 1237 3048 ἑλοιτο

462 3089 554 3170 τάμά,
580 3089 629 3151 καὶ
653 3093 692 3162 εἰς
716 3088 790 3178 ὥρας
813 3081 894 3162 αὖτις
918 3088 1021 3177 ἄγοιτε
1043 3090 1142 3152 καλόν.
1160 3093 1184 3172 ³)

273 3232 450 3296 Locutiona
473 3233 527 3320 πρό
550 3240 603 3318 τῆς
626 3233 700 3320 ὥρας
723 3231 837 3298 Suidas
862 3254 973 3296 vocam
995 3232 1121 3321 πρόωρος
1146 3231 1267 3311 definit,
1291 3256 1357 3320 qna
1382 3251 1501 3319 praecox

167 3339 271 3404 fatum
303 3338 388 3402 haud
418 3338 514 3402 semel
546 3338 732 3423 designatur
763 3340 802 3404 cf.
835 3339 1029 3423 Orinagoras
1059 3338 1275 3426 Mytilenaeas
1314 3341 1415 3407 Anth.
1453 3336 1504 3405 Pal.

167 3447 234 3512 Vll
258 3449 331 3520 643,
356 3449 376 3511 3
401 3469 445 3532 sq.
471 3447 819 3534 πρόωρον-μοίραν,
845 3445 1021 3511 Phalaecus
1041 3446 1117 3511 ibid.
1144 3446 1303 3531 ΧΙΙ127,
1328 3451 1347 3512 7
1373 3473 1420 3535 sq.
1445 3439 1503 3512 αἰαῖί

167 3555 274 3618 κωκύει
295 3555 347 3616 τόν
370 3555 416 3616 ἑόν
440 3554 522 3640 γόνον
545 3553 649 3641 ἤματα
672 3559 772 3616 πάντα
792 3554 796 3637 l
816 3554 944 3641 λέγουσα
966 3556 1017 3618 τόν
1040 3554 1213 3642 πρόωρον
1236 3561 1274 3628 ὥς
1298 3558 1457 3645 ἀπέφθιτο,
1470 3588 1504 3601 -

168 3661 298 3726 Cassius
322 3660 385 3724 Dio
409 3659 578 3724 LXXVII
596 3663 639 3725 20
661 3661 835 3749 πρόωρον
858 3662 950 3734 ούτως
972 3667 1090 3750 οἰκτρῶς
1114 3663 1303 3741 ἀπολωλότα,
1329 3662 1505 3731 Plutarchus

277 3958 295 4022 ¹)
314 3961 354 4010 Of.
374 3959 503 4023 Georgius
529 3960 680 4023 Acropolita
704 3960 799 4010 Annal.
822 3959 853 4012 15
873 3977 896 4025 p.
924 3959 966 4023 29,
981 3961 1013 4012 lo
1039 3961 1165 4026 (Bckkcr)
1184 3959 1199 4026 ἡ
1218 3957 1260 4030 μὲν
1280 3953 1321 4011 οὖν
1341 3958 1433 4028 βασιλίς
1450 3958 1508 4013 'tva

168 4045 233 4118 ἔφθη
253 4045 309 4115 προ
328 4050 438 4115 καιροῦ
458 4045 599 4111 τελευτῆσαι.

277 4134 297 4204 ¹)
318 4139 440 4187 Fortasse
459 4136 593 4202 Meleager
612 4137 766 4189 Gadarenus
786 4140 821 4189 cf.
840 4140 919 4191 Antii.
942 4140 997 4189 Pal.
1019 4140 1069 4189 illl
1089 4139 1132 4201 81,
1152 4140 1205 4191 hot
1218 4156 1286 4204 quac
1299 4139 1356 4190 dixi
1369 4140 1404 4191 ad
1422 4137 1508 4191 Antho-

168 4227 255 4292 logiaa
274 4226 426 4276 Planudaac
445 4226 624 4291 Appendicem
644 4229 959 4278 Barbanna-Vaticanam
977 4230 1018 4293 (Il.
1042 4228 1120 4293 1890)
1140 4246 1163 4295 p.
1184 4228 1227 4281 ὅθ.

278 4314 298 4379 ⁰)
316 4317 480 4367 Maturitatis
500 4324 601 4381 tempus
621 4319 792 4382 significatur
811 4319 836 4367 in
856 4320 972 4369 Socratis
997 4320 1066 4370 dicto
1086 4321 1155 4385 apud
1176 4321 1310 4373 Laertium
1330 4321 1472 4387 Diogenem
1487 4315 1506 4366 il

168 4405 193 4470 h,
212 4405 247 4457 32
266 4404 320 4463 τούς
339 4421 364 4455 τε
383 4402 411 4454 τὰ
431 4402 526 4472 πρῶἵμα
547 4404 641 4456 πολλοῦ
660 4403 804 4474 ἐωσμένους
825 4403 993 4476 ἀπογινώσκειν
1015 4406 1095 4477 ἔλεγεν
1119 4411 1160 4468 είς
1185 4407 1238 4468 τὰς
1261 4407 1345 4477 ὥρας
1369 4406 1507 4460 stantia

168 4496 195 4569 in
215 4495 306 4545 fabula
329 4495 443 4559 Aesopia
462 4496 532 4560 alind
554 4495 665 4546 Dionem
686 4498 901 4559 Chryaostomum
928 4498 971 4548 Or.
999 4499 1099 4548 LXXII
1125 4498 1177 4549 vol.
1199 4497 1219 4548 ll
1241 4516 1265 4564 p.
1292 4496 1345 4550 387
1370 4499 1463 4551 Reiskc
1483 4492 1506 4560 (0

170 4584 231 4647 330,
252 4585 272 4632 P
290 4584 354 4641 :ism
373 4580 412 4632 καί
429 4583 457 4648 δὴ
477 4580 515 4633 καὶ
535 4582 592 4651 προς
611 4586 664 4652 δρῦν
684 4582 734 4653 ἄρτι
759 4585 883 4654 φυομένην,
908 4583 998 4636 ἐπειδὰν
1023 4585 1097 4656 πρίνς
1125 4575 1207 4656 ὥραύ
1230 4585 1396 4655 ἀφίκηται,
1422 4583 1507 4654 ἑτοίμως

170 4669 231 4740 ἔγειν
248 4667 329 4731 ἵζόινειν
347 4673 390 4730 (οἵ,
412 4675 508 4724 ibidem
527 4692 551 4739 p.
578 4675 629 4726 358
649 4673 780 4724 τούναντίον
803 4672 827 4723 δὲ
853 4672 931 4742 ἔχαιρε
956 4681 985 4745 τῇ
1009 4669 1059 4744 δρυί
1085 4677 1194 4746 φυομένη·
1221 4674 1298 4743 ἐπειδὴ
1321 4675 1347 4727 δὲ
1372 4674 1459 4743 ἱκανὴ
1479 4665 1504 4734 il,

170 4759 302 4811 καθίσαντα
320 4759 357 4811 ἐπ’
377 4760 447 4828 αὐτὴν
465 4759 523 4832 ᾖδε),
563 4765 719 4814 Vindemiae
739 4772 841 4829 tempas
860 4773 936 4816 notat
954 4766 1141 4816 Ps-Homerus
1169 4768 1265 4830 Ilymn.
1293 4768 1369 4818 XXV
1390 4766 1422 4819 12
1440 4755 1505 4823 doti

170 4849 232 4922 ἡμεῖς
249 4849 376 4922 χαίροντας
394 4847 437 4910 εἰς
455 4850 535 4923 ὥρας
554 4845 641 4912 αὖτις
659 4850 795 4902 ἱκέσθαι.
