3360 5466
683 347 741 390 uro
765 347 949 389 sraauanca.
1442 325 1492 398 [lto]

278 540 462 604 Genuinum
487 537 614 602 fabulae
642 541 711 603 159.
742 538 953 626 epimythiuni
986 538 1142 624 praebent
1174 537 1200 604 C
1232 539 1297 604 228
1328 547 1360 603 et
1391 538 1492 620 Flet,

172 648 228 712 ubi
251 647 358 710 itidem
383 666 446 708 vox
468 646 554 718 λόκος
577 647 609 709 in
626 644 750 730 apologi
776 645 930 731 principio
947 645 1150 709 conlocatur:
1167 651 1182 709 ὀ
1199 647 1288 734 λόγος
1304 636 1396 733 δηλοῖ,
1418 641 1492 727 ότςῷ

169 746 310 819 ὀιάκειται
335 754 371 816 τό
395 756 563 831 ἀποθανεῖν,
588 755 726 840 κρείττων
751 754 827 815 ἐστὶν
849 758 864 816 ὀ
887 758 924 825 εἰς
948 744 1036 832 δόξαν
1059 751 1192 826 θάνατος
1214 752 1277 836 (Ο),
1300 753 1416 841 ὀλόγος
1429 755 1493 837 (ὅλως

168 865 213 943 F3
238 861 348 926 Corsis
369 883 400 946 p.
426 862 490 925 378
515 884 544 924 n.
571 863 590 925 2
615 861 654 924 cl.
672 884 702 945 p.
721 863 785 924 407
803 863 872 926 nb
897 864 1006 946 supra)
1038 851 1140 949 δηλοῖ,
1168 862 1224 946 ὅτι,
1249 855 1289 934 οἷς
1313 862 1445 925 ἐπίκειται
1467 863 1492 923 τό

168 971 339 1053 ἀποθανεῖν,
363 971 501 1056 κρείττων
524 969 601 1030 ἐστὶν
624 973 639 1030 ό
662 968 739 1054 μετὰ
762 958 846 1055 δόξης
869 967 1000 1041 θάνατος
1028 969 1072 1032 cf.
1104 977 1269 1054 praeterea
1292 967 1433 1033 Avianus
1452 969 1491 1051 42,

173 1080 212 1143 15
236 1100 281 1162 sq.
314 1078 369 1139 sic
391 1077 565 1161 quotiens
589 1074 734 1159 duplici
758 1072 972 1138 subeuntur
995 1077 1123 1140 tristia
1147 1096 1238 1139 casu
1260 1072 1492 1161 {expeditio

169 1187 313 1268 signem
348 1183 602 1267 promeruisse
637 1203 774 1244 necem.
823 1180 927 1244 Aliter
960 1181 1098 1245 Babrius
1132 1179 1273 1245 Knoellii
1305 1180 1385 1257 (cod.
1409 1179 1489 1244 Vatia

170 1294 233 1357 777
260 1314 291 1354 n.
319 1292 380 1356 135
406 1313 433 1375 p.
457 1291 519 1353 687
539 1322 571 1341 =
588 1311 619 1351 n.
649 1287 712 1353 132
735 1287 916 1368 Gitlbauer)
940 1291 985 1351 ὅτι
1008 1299 1071 1362 ταῖς
1093 1298 1153 1352 τῶν
1183 1279 1309 1376 θολερῶν
1333 1279 1433 1372 ἀνδρῶν
1451 1311 1488 1350 αα-

169 1399 330 1479 κοβουλίαις
352 1395 393 1484 μὴ
415 1396 584 1459 πιστευτέον
607 1395 817 1483 προορωμένους
847 1397 899 1458 τόν
930 1396 1042 1459 τούτων
1074 1386 1169 1476 θόλον,
1185 1465 1188 1468 Δ
1202 1393 1258 1459 κόιν
1292 1397 1488 1485 γρηστολογίιις

169 1503 319 1586 ἐξαπατᾶν
342 1506 535 1591 βουληθῶσιν.

273 1608 420 1698 Sylloges
443 1608 654 1692 Angustanae
677 1609 863 1673 memoriam
888 1609 1040 1695 explanat
1063 1632 1095 1674 ιι.
1123 1612 1199 1677 16οῑ

273 1714 399 1804 Λαγωοί
421 1737 495 1778 ποτε
517 1721 709 1800 πολεμοῦντες
733 1717 834 1787 άετοός
849 1719 1033 1804 παρεκάλουν
1050 1722 1086 1790 εἰς
1103 1720 1272 1807 συμμαχίαν
1290 1719 1443 1791 ἀλώπεκας.
1463 1714 1489 1776 ll

168 1816 200 1888 δὲ
224 1831 342 1911 ἔφασαν·
366 1820 579 1909 ’ἐβοηθήσαμεν
602 1819 636 1884 ἂν
660 1828 734 1907 ὑμῖν,
759 1829 783 1885 εί
806 1821 846 1910 μὴ
869 1813 993 1910 ᾔδειμεν,
1018 1826 1091 1896 τίνες
1114 1818 1169 1912 ἦτε
1192 1827 1242 1888 καὶ
1264 1827 1322 1888 τίσι
1345 1817 1489 1912 πολεμεῖτέ.

270 1926 309 1992 Ὀ
332 1930 418 2016 λόγος
441 1920 534 2017 ὀηλοῖ,
559 1930 605 1992 ὅτι
627 1933 653 1991 οί
683 1933 906 2016 φιλονεικοῦντες
932 1940 992 2002 τοῖς
1024 1932 1166 2017 κρείττοσι
1196 1932 1247 1994 συν
1276 1941 1323 2012 τῷ
1353 1922 1490 2020 διαμαρτεῖν

167 2041 216 2100 καὶ
239 2037 479 2119 καταπαίζονται.

270 2141 492 2230 Epimythium
529 2141 655 2227 quidem
693 2142 734 2206 ab
768 2143 868 2228 ipsius
902 2144 1093 2209 narrationis
1125 2143 1230 2209 indole
1263 2167 1327 2209 non
1357 2143 1490 2224 abhorret,

166 2252 257 2316 sicuti
294 2252 388 2314 etiam
424 2249 493 2313 aliis
522 2247 647 2313 fabellis
687 2249 796 2314 eadem
838 2253 993 2315 sententia
1029 2261 1101 2338 apte
1132 2250 1315 2317 adnectitur
1347 2251 1386 2316 cf.
1421 2247 1494 2326 An

168 2366 223 2444 (=
237 2359 271 2422 M
300 2357 352 2440 12)
372 2356 464 2429 οίκτως
487 2361 505 2444 η
529 2357 597 2444 πρός
620 2358 686 2429 τοὺς
709 2362 904 2444 ὑπερέχοντας
928 2360 1037 2445 ἅμιλλα
1061 2360 1129 2447 πρός
1151 2368 1197 2439 τῷ
1227 2349 1319 2446 μηθὲν
1353 2359 1440 2424 ἀνύειν
1457 2379 1490 2420 ιιι

167 2469 214 2532 ἐπὶ
237 2472 391 2551 συμφοραῖς
422 2472 600 2550 προςκτάται
630 2463 766 2549 γέλωτα,
805 2465 865 2528 124
896 2469 945 2545 (=
965 2463 998 2527 M
1026 2467 1088 2529 124
1112 2475 1144 2529 et
1167 2465 1193 2530 O
1216 2468 1260 2531 98
1292 2468 1360 2530 aive
1384 2467 1411 2532 F
1433 2465 1491 2542 259)

168 2575 247 2638 οὕτω
270 2572 319 2633 καὶ
342 2580 403 2632 τῶν
427 2570 592 2656 ὀινέρώπων
621 2573 646 2631 οἱ
677 2580 736 2642 τοῖς
766 2573 924 2658 κρείττοσιν
955 2572 1210 2658 ὀινθοιμιλλώμενοι
1241 2574 1445 2660 (ἁμιλλώμενοι
1467 2569 1496 2650 0)

165 2682 234 2769 πρός
256 2687 301 2758 τῷ
325 2677 371 2756 (τό
396 2676 441 2752 Μ)
471 2685 531 2737 τῶν
564 2679 631 2737 ἴσων
662 2676 727 2763 (ἥσς
756 2677 801 2755 Μ)
830 2676 871 2764 μὴ
903 2682 1055 2765 ἐφικέσθαι
1085 2681 1135 2741 καὶ
1164 2679 1286 2766 γέλωτα
1317 2681 1519 2769 ὀφλισκάνουσι’

165 2784 393 2874 (ὀφλισκάνουσιν
418 2782 463 2860 M)
488 2781 524 2845 el.
552 2805 581 2844 n.
618 2783 680 2848 103
710 2783 802 2855 οὔτως
830 2789 854 2846 οἱ
881 2794 940 2857 τοῖς
972 2785 1027 2864 (εἰσ
1059 2785 1175 2869 legitur
1199 2788 1230 2849 in
1263 2785 1305 2871 A,
1340 2809 1403 2852 non
1431 2797 1498 2863 τοῖσι,

164 2891 344 2980 quodcum
370 2887 563 2954 Schneidero
595 2889 727 2974 praebet
750 2889 898 2954 Halmius
928 2914 956 2954 n.
991 2893 1066 2972 151)
1098 2893 1356 2981 ἀνθαμιλλώμενοι
1388 2896 1500 2984 γέλωτος

165 2999 236 3081 ἄξιοί
260 3005 336 3071 εἰσιν,
362 2995 417 3058 ubi
449 2996 482 3058 lll
514 2998 555 3059 97
589 3007 619 3059 et
655 2995 681 3060 O
716 2999 775 3060 187
809 2995 891 3081 (sive
922 2999 949 3061 l*
983 2998 1061 3078 284)
1093 3001 1244 3065 ollerunt:
1275 3001 1370 3075 οὕτως
1400 3008 1427 3065 σί
1453 3009 1500 3073 τοῖς

165 3110 323 3194 κρείττοσιν
347 3103 600 3189 άνθοιμιλλώμενοι
633 3103 840 3188 (ἁμιλλώμενοι
871 3104 909 3183 C)
940 3105 1008 3190 πρός
1038 3117 1084 3186 τῷ
1115 3108 1230 3170 ἐκείνων
1261 3107 1309 3191 (τό
1341 3109 1448 3173 ἐκείνου
1467 3107 1501 3186 Μ)

165 3213 204 3301 μὴ
229 3213 383 3299 ἐφικέσὲαι
415 3212 605 3296 (ἐφικνεῖσθαι
636 3209 674 3290 C)
709 3211 759 3273 καὶ
789 3211 908 3296 γέλωτα
939 3213 1153 3298 ὀφλισκάνουσιν
1184 3213 1400 3300 (ὀφλισκάνουσι
1422 3215 1465 3297 (l).
1484 3216 1502 3294 ¹)

165 3323 292 3407 Optime
315 3328 422 3383 tamen
445 3316 484 3382 ad
510 3317 724 3381 narrationem
751 3317 790 3381 de
814 3317 973 3402 leporibus
990 3330 1021 3384 et
1036 3320 1188 3406 vulpibus
1209 3321 1347 3405 gemella
1371 3322 1500 3389 eiusdem

165 3426 289 3513 apologi
313 3424 459 3510 exempla
482 3425 516 3488 M
543 3427 615 3503 157,
641 3423 666 3488 O
693 3425 777 3504 107⁸,
811 3425 838 3489 F
874 3428 934 3489 108
967 3426 1225 3492 affabulationem
1258 3428 1409 3512 trahunt,
1433 3448 1501 3517 quae

165 3533 292 3621 quidem
317 3555 389 3597 curu
416 3555 445 3595 u.
475 3534 535 3595 159
568 3530 654 3594 nullo
687 3540 779 3617 pacto
808 3530 977 3596 cohaerere
1008 3545 1128 3618 potest:
1153 3540 1168 3598 ὀ
1192 3536 1279 3623 λόγος
1303 3526 1398 3625 δηλοῖ,
1422 3538 1501 3600 ότιοί

164 3646 386 3729 φιλονεικοῦντες
413 3649 472 3712 τοῖς
495 3648 630 3724 κρατοῦσι
654 3647 706 3726 της
730 3642 840 3702 ἑαυτῶν
866 3644 982 3728 (ἑαυτῆς
1006 3641 1098 3722 Cod.)
1126 3646 1268 3730 σωτηρίας
1303 3644 1439 3719 <addet
1457 3665 1501 3706 ιιι-

163 3758 387 3837 ταφρονοῦσιν)
414 3746 484 3830 (Μ),
508 3752 524 3809 ὀ
547 3747 641 3832 μῦὲος
662 3737 754 3834 ὀηλοῖ,
779 3748 824 3809 ὅτι
842 3751 867 3808 οἱ
882 3757 942 3820 τοῖς
959 3750 1102 3834 κρείττοσι
1126 3753 1351 3837 φιλονεικοῦντες
1374 3759 1428 3840 της
1447 3755 1501 3814 ἑαυ-

162 3867 224 3920 τῶν
255 3856 395 3941 σωτηρίας
427 3862 635 3940 καταφρονοῦσι
660 3851 723 3936 (Ο),
749 3857 763 3915 ὀ
787 3856 879 3939 μῦθος
909 3863 997 3916 τοῦτο
1027 3845 1126 3941 ὀηλοῖ,
1159 3857 1203 3918 ὅτι
1232 3861 1259 3919 σί
1289 3862 1501 3944 φιλονεικοῦντες

161 3972 221 4034 τοῖς
244 3964 387 4048 κρείττοσι
411 3967 463 4046 τῆς
493 3963 605 4021 ἑαυτῶν
638 3963 779 4047 σωτηρίας
813 3971 1023 4047 καταφρονοῦσι
1056 3963 1114 4043 (κ’)Ι
1132 3967 1154 4042 ²)
1179 4000 1222 4010 -
1246 3962 1340 4043 Quae
1373 3987 1443 4029 cum
1465 3963 1499 4026 ita

163 4073 235 4153 sint,
260 4066 386 4130 l'abulae
415 4068 477 4129 100
502 4067 667 4147 pristinum
691 4066 900 4153 epiniythiuui
923 4067 1057 4153 apologo
1079 4091 1267 4154 praegresso
1283 4091 1385 4154 prave
1399 4069 1499 4137 adhue·

163 4179 258 4256 sisse,
283 4183 351 4237 tuni
376 4196 452 4236 vero
477 4196 590 4236 novam
624 4174 883 4237 affabulationcrn
915 4176 1121 4261 compositam
1154 4198 1222 4241 esse
1254 4177 1404 4243 elficitur.
1429 4178 1499 4241 Ean·

196 4355 471 4363 -..—.—————

270 4492 290 4558 1)
309 4493 381 4543 Idem
401 4499 441 4542 est
461 4491 531 4543 color
549 4508 574 4541 n.
595 4489 629 4541 82
650 4489 687 4554 (ε
708 4492 733 4540 M
755 4490 798 4554 78,
819 4494 840 4542 F
860 4491 906 4548 69)
932 4490 1007 4550 οὓτως
1027 4488 1049 4553 (ὀ
1069 4489 1147 4560 μῦθος
1172 4489 1252 4557 δηλοῖ,
1279 4488 1315 4542 ὅτι
1340 4491 1404 4544 οὕτω
1421 4489 1456 4542 καί
1471 4489 1498 4554 F)

159 4580 180 4632 el
199 4583 247 4640 τοῖς
266 4579 400 4650 πράγμασιν
425 4577 597 4648 άπεριτκίπτως
622 4576 787 4647 ἐπιχειροῦντες
820 4581 859 4631 σῦν
884 4586 917 4649 τῷ
943 4583 1060 4649 ῦυςτυγιείς
1084 4575 1140 4631 εἶναι
1167 4579 1213 4648 (ἐπὶ
1238 4586 1273 4651 τῷ
1303 4583 1423 4652 δυςτυχεῑν
1446 4579 1498 4641 Ml')

160 4668 199 4720 καί
217 4669 311 4740 γέλωτα
331 4668 509 4739 ὀφλισκάνουσιν
527 4666 723 4737 (ὠφλισκίινουσιν
743 4672 768 4719 M
788 4672 889 4722 librarii
909 4673 1005 4736 lapsui.

267 4760 287 4823 2)
304 4761 389 4811 Aliter
408 4762 531 4825 Syntipus
552 4760 585 4811 22
604 4761 670 4823 (aive
689 4761 709 4808 C
724 4761 788 4812 1071
802 4763 811 4819 l
831 4757 843 4810 ὀ
856 4760 934 4829 μῦθος
948 4753 1017 4820 οὗτος
1032 4758 1124 4831 ἐλέγχει
1136 4760 1190 4822 τοὺς
1204 4762 1251 4820 τοίς
1265 4757 1424 4833 ἰσχυροτέροις
1440 4777 1497 4831 προς·

159 4846 283 4918 κρούοντας
303 4845 340 4897 καί
359 4844 448 4908 ἑαυτοῖς
467 4845 489 4909 ἐξ
508 4848 586 4899 αὐτῶν
606 4845 708 4898 κίνδυνον
726 4846 863 4918 ἐπάγοντας.
