3360 5466
131 313 166 386 Il]
554 336 806 383 orencrnsrronns
830 332 984 381 sasorrsn.

131 528 241 594 iilemo
265 531 303 596 fr.
330 530 392 594 115
416 527 550 610 (Kook):

417 688 433 751 ὃ
456 679 503 752 δεῖ
521 691 629 752 παθεῖν
652 710 694 766 σε,
719 676 855 776 μηδαμοῦ
879 684 972 775 σκέθρ
997 697 1103 776 φυγεῖν·

419 799 451 857 ου
475 795 530 882 γάρ
554 784 663 882 δυνήσῃ
687 785 845 882 διαφυγεῖν,
871 795 887 856 ὅ
910 817 942 857 σε
965 785 1012 856 δεῖ
1030 797 1150 857 παθεῖν·

418 904 454 966 τὰ
477 908 663 990 πεπρωμένον
686 901 742 988 γάρ
765 905 798 963 οὐ
814 901 899 988 μονον
922 911 1011 965 τοῖσιν
1035 902 1144 989 βροτοῖς

419 1009 563 1098 ἄφευκτόν
586 1009 672 1092 ἐστιν,
698 1009 778 1071 ἀλλά
801 1009 850 1071 καὶ
873 1005 940 1071 κατ’
963 1008 1088 1095 οὐρανόν,

131 1168 276 1234 ianooles
299 1169 385 1253 apud
409 1166 562 1234 Clement.
586 1166 764 1232 Aiexsndr.
791 1168 903 1233 Strom.
927 1167 975 1230 VI
999 1189 1029 1252 p.
1056 1169 1121 1234 750
1144 1167 1246 1232 Por-n:

358 1326 437 1389 ἀλλά
461 1328 496 1388 τὸ
520 1323 658 1412 Μοιράων
681 1323 748 1414 κτῆμ’
772 1325 909 1404 ἀλλυτον,
934 1316 1002 1388 οὐδέ
1025 1324 1066 1414 πή
1091 1328 1167 1389 ἐστιν

468 1433 628 1522 ἐκφυγέειν,
652 1436 750 1497 ὁπόσοι
774 1441 830 1521 γῆν
854 1432 1080 1520 ἐπιφερβάμεθα,

131 1593 289 1659 heocritus
312 1593 361 1658 Id.
387 1593 505 1658 XXIV
531 1595 573 1657 68
598 1613 662 1679 sq.:

847 1701 900 1762 οὑκ
923 1706 999 1762 ἐστιν
1024 1697 1128 1780 ἀλύξαι

358 1807 530 1894 ἀνθρώοτοις,
555 1809 571 1870 ὅ
594 1831 623 1871 τι
646 1805 744 1894 Μοῖρα
767 1807 847 1869 κατά
870 1810 1038 1893 κλωστῆρος
1062 1808 1178 1895 ἐπείγει,
1265 1884 1269 1889 ¹

134 1967 288 2054 pollonius
311 1965 456 2030 Rhodius
480 1965 600 2051 Argon.
627 1966 642 2030 Ι
670 1967 753 2031 1035
778 1988 840 2052 sq.:

357 2135 455 2214 μοῖραν
479 2125 648 2203 ἀνέπλησεν·
672 2124 727 2213 τὴν
751 2125 808 2211 γάρ
831 2124 917 2212 θέμις
939 2123 1041 2188 οὔποτ’
1064 2124 1170 2206 ἀλύξαι

358 2237 515 2321 θνητοῖσιν,

131 2361 145 2422 I
173 2361 270 2424 1504:

555 2469 588 2529 οὐ
611 2465 668 2554 γάρ
690 2491 733 2540 τις
757 2469 917 2557 ἀποτροπίη
942 2465 1092 2547 θανάτοιυ,
1111 2504 1153 2513 -

131 2625 281 2689 erodotus
306 2626 322 2688 I
345 2628 385 2689 91
411 2630 468 2706 (est
494 2623 628 2712 Pythiae
653 2624 828 2710 oraculum,
852 2626 936 2712 qnod
962 2647 1002 2692 ex
1026 2625 1189 2690 Herodoto
1212 2628 1326 2712 repetit
1348 2625 1446 2690 Anth.

131 2732 165 2797 sl.
201 2732 282 2796 XIV
316 2735 371 2812 80)
430 2733 461 2820 ὴν
491 2733 680 2820 πεπρωμένην
711 2743 809 2821 μοῖραν
840 2724 972 2796 ἀδυνατά
1005 2735 1067 2796 ἐστι
1098 2737 1269 2821 ἀποφυ·;έειν
1297 2736 1346 2796 καὶ
1374 2736 1448 2813 θεῷ,

132 2839 150 2903 I
174 2842 217 2904 65
243 2841 272 2902 ὲν
295 2848 332 2927 τῇ
356 2841 412 2927 γὰρ
436 2843 605 2927 ἀνθρωπηίῃ
631 2841 696 2926 φύσι
720 2844 772 2903 οὐκ
797 2844 860 2927 ἐνῆν
885 2845 938 2926 ἄρα
962 2842 996 2903 τὸ
1020 2842 1129 2926 μέλλον
1160 2843 1295 2927 γίνεσθαι
1325 2844 1448 2926 ἀποτρέ-

131 2971 170 3025 κν,
196 2946 249 3010 IX
277 2949 316 3011 16
340 2949 356 3009 ὅ
378 2971 408 3009 τι
432 2938 477 3010 δεῖ
497 2948 635 3033 γενέσθαι
659 2949 692 3010 ἐκ
715 2957 768 3009 τοῦ
792 2951 881 3025 θεοῦ,
914 2947 1066 3035 ἀμήχανον
1095 2947 1257 3035 ἀποτρέψει
1288 2948 1446 3033 ἀνθρώπῳ,

135 3063 189 3116 sto
211 3052 312 3135 Gorg.
337 3076 366 3138 p.
393 3054 457 3117 512
475 3054 502 3116 Ε
520 3068 625 3140 (quern
644 3054 814 3138 exscripsit
831 3054 874 3116 M.
892 3054 1075 3118 Antoninus
1096 3054 1162 3118 VII
1181 3058 1237 3134 46)
1253 3054 1449 3117 πιστεύσαντα

131 3168 160 3232 ’,ῖς
183 3158 319 3246 γυναιξίν,
344 3161 389 3222 ὅτι
413 3158 466 3248 τὴν
497 3162 668 3248 εἱμαρμένην
691 3157 751 3222 οὐδ’
775 3159 810 3222 ἂν
834 3156 871 3233 εἷς
894 3160 1021 3248 ἐκφύγοι,
1057 3161 1242 3225 Aristoteles
1267 3160 1351 3246 apud
1377 3160 1448 3227 Sto-

131 3288 214 3330 renm
239 3266 326 3330 Flor.
351 3267 461 3332 CVIII
487 3269 528 3331 22
554 3268 681 3355 ἄφυκτον
704 3268 760 3355 γαρ
785 3269 819 3330 τὸ
844 3277 893 3354 τῆς
917 3268 1104 3356 πεπρωμένης
1136 3271 1196 3331 ἐστὶ
1226 3269 1318 3330 κκκὸν
1349 3267 1448 3347 (unde

131 3382 233 3437 rtasse
256 3373 459 3438 extricandus
484 3385 531 3437 est
554 3374 714 3438 serrarius:
740 3373 867 3461 ἄφυκτον
892 3376 953 3438 ἐστι
975 3382 1029 3463 τῆς
1051 3382 1241 3463 πεπρωμένης
1263 3376 1376 3456 κακόν),
1393 3375 1449 3439 Jo-

131 3480 215 3567 phus
245 3480 376 3545 FIaVIus
406 3481 484 3545 Bell.
517 3481 585 3545 Iud.
618 3482 666 3545 VI
698 3484 736 3564 5,
769 3483 894 3554 bisne
923 3483 979 3569 γάρ
1010 3486 1043 3544 οὐ
1075 3472 1196 3545 δυνατὸν
1227 3482 1389 3569 ἀνθρώποις
1414 3485 1448 3543 τὸ
1485 3488 1487 3493 ’

131 3589 192 3652 νεὼν
214 3579 362 3678 διαφυγεῖν
385 3580 451 3652 οὐδὲ
473 3589 689 3677 προορωμένοις,
716 3588 936 3670 Diogenianns
959 3589 1138 3673 Epicureus
1161 3587 1245 3673 apud
1270 3587 1445 3651 Eusebium

131 3718 212 3781 raep.
238 3696 363 3780 Evang.
390 3695 435 3759 VI
461 3702 480 3759 8
504 3718 535 3781 p.
561 3697 625 3759 263
650 3696 678 3758 h
702 3698 744 3768 τίς
768 3697 823 3781 γάρ
848 3693 882 3756 ἂν
906 3687 1022 3757 δύναιτο
1045 3696 1085 3756 τοὶ
1110 3696 1176 3757 κατ’
1201 3695 1333 3781 ἀνάγκην
1356 3696 1446 3757 παντὶ

131 3805 386 3892 ἰῳσυγκυροῦντα
418 3794 581 3891 διαφυγεῖν,
616 3802 804 3866 Plutarchus
827 3802 892 3865 Vit.
927 3801 1054 3866 Caesar.
1087 3802 1204 3866 LXIII
1233 3803 1246 3865 l
1274 3824 1303 3885 p.
1330 3803 1393 3864 737
1419 3801 1446 3863 Β

131 3907 167 3973 ,λ’
191 3917 282 3974 ἔοικεν
305 3913 361 3990 οὐχ
375 3909 467 3982 οὔτως
482 3899 700 3996 ἀπροςδόκητον
724 3915 760 3981 ὡς
786 3912 953 3996 ἄφυκτον
968 3911 991 3989 ¹)
1015 3905 1084 3971 εἶναι
1099 3910 1135 3971 τὸ
1152 3918 1347 3996 πεπρωμένον,
1366 3908 1448 3972 Con·

207 4207 225 4276 ¹)
245 4211 384 4276 Volgatam
409 4210 566 4276 scripturam
592 4205 725 4278 ἀφύλακτον
750 4209 846 4261 correxi
873 4211 906 4261 of.
933 4211 985 4261 vit.
1012 4208 1120 4261 Camilli
1145 4210 1183 4260 IV
1202 4207 1220 4261 4
1239 4227 1263 4275 p.
1285 4208 1335 4260 130
1360 4209 1382 4259 Ρ
1410 4203 1448 4257 καὶ

131 4295 185 4351 θὼν
209 4297 254 4368 ἄρα
278 4296 306 4349 τὶ)
331 4299 482 4367 πεπρωμένον
506 4296 539 4357 ὡς
564 4297 704 4366 ἄφυκτον
732 4294 775 4363 εἴη,
800 4299 895 4363 Pyrrhi
922 4301 996 4348 XXX
1021 4298 1037 4349 2
1063 4316 1086 4363 p.
1113 4297 1167 4350 403
1187 4301 1208 4347 B
1234 4296 1260 4347 το
1280 4294 1305 4346 δὲ
1323 4293 1400 4365 χρεὼν
1419 4289 1445 4360 ἦν

131 4405 245 4452 ιυκτον,
265 4389 396 4454 Lysandri
415 4390 503 4438 XXIX
524 4390 539 4440 7
560 4406 582 4454 p.
603 4389 655 4440 450
674 4385 712 4437 καὶ
731 4385 799 4438 εἰπεῖν
817 4384 849 4445 ὡς
869 4383 1023 4454 ἄφευκτόν
1048 4386 1109 4435 ἐστιν
1134 4383 1256 4455 ἀνθρώπῳ
1276 4384 1302 4436 το
1322 4384 1448 4454 πεπρωμέ·

131 4496 144 4541 ι,
163 4494 215 4545 quo
233 4478 291 4529 loeo
310 4495 356 4543 pro
374 4475 488 4545 ἀρευκτον
506 4479 625 4542 equidem
646 4474 747 4544 ἄφυκτον
766 4478 922 4542 scripserim,
942 4493 994 4541 qua
1013 4477 1095 4527 forms
1107 4477 1265 4526 Plutarchus
1280 4478 1361 4526 utitur
1375 4491 1447 4540 pras·

131 4584 171 4619 ros
191 4569 242 4619 vit.
262 4569 341 4619 Marii
370 4567 493 4618 XXIXI
517 4585 540 4632 p.
566 4567 619 4618 4⁴22
639 4568 668 4621 C.
695 4568 779 4616 XLVI
807 4567 821 4616 7
848 4583 872 4631 p.
899 4565 951 4616 433
977 4566 1009 4630 D,
1036 4566 1125 4616 Crassi
1150 4566 1238 4614 XVIII
1265 4565 1325 4630 3p.
1346 4563 1399 4616 554
1419 4566 1448 4626 B,

131 4658 200 4708 xvrl
219 4657 239 4709 4
256 4674 281 4722 p.
301 4656 354 4708 560
378 4658 409 4716 E,
436 4658 541 4720 Pompei
568 4654 702 4705 LXXVIII
732 4655 747 4704 2
768 4672 791 4718 p.
817 4656 870 4705 666
891 4657 920 4715 I‘,
949 4655 1131 4704 DemosthenIs
1157 4654 1246 4703 XXXI
1266 4654 1281 4703 2
1301 4670 1325 4717 p.
1345 4651 1448 4713 8601),

131 4747 208 4797 atonii
226 4748 328 4797 XXVII
348 4746 364 4796 2
384 4762 407 4810 p.
427 4746 479 4797 1127
500 4749 529 4807 E,
550 4746 652 4795 consol.
673 4745 707 4794 sd
726 4744 845 4808 Apollon.
869 4745 894 4792 ll
919 4745 1005 4808 (Mor.)
1030 4760 1053 4808 p.
1084 4743 1132 4794 107
1154 4740 1183 4803 n,
1207 4743 1313 4802 (ρυεῖσαν.
1338 4741 1446 4790 Conviv.

136 4852 159 4890 n.
175 4834 222 4907 14,
241 4836 297 4904 hp·
317 4833 369 4887 614
389 4838 421 4896 Ι),
442 4838 560 4900 Compar.
579 4833 761 4899 Aristophanis
781 4841 807 4883 et
827 4833 966 4883 Menandri
985 4832 1024 4881 111
1043 4832 1060 4881 3
1079 4848 1103 4900 p.
1122 4829 1176 4884 854
1197 4833 1215 4880 Β
1240 4832 1273 4883 οἱ.
1293 4827 1448 4882 Eustathius
