3360 5466
159 329 201 402 22
671 358 729 401 mo
752 359 936 401 srmnmmr.
1442 333 1513 408 [398]

162 549 250 626 (123.
286 549 356 613 127.
392 548 462 613 129.
497 549 570 613 145.
600 548 677 628 200)
694 547 729 634 1),
763 548 958 631 συλλαβόντος
988 547 1091 634 (195),
1123 549 1318 632 συλλαβόντες
1342 552 1385 634 (7.
1428 551 1513 635 147),

160 655 365 737 συλλαβόντων
389 657 490 739 (144),
515 657 668 736 συλλαβεῖν
692 658 757 737 (98.
785 658 857 723 107.
887 658 971 735 139),
997 659 1165 745 συνείληφας
1188 659 1289 740 (200),
1311 697 1349 705 --
1370 660 1513 742 passive:

160 763 427 850 συλλαμβανόμενοι
450 761 517 848 (44.
546 764 629 842 162),
654 761 821 850 συνελήφθη
845 763 910 845 (48.
944 766 1012 827 169.
1038 765 1125 844 204),
1158 763 1383 852 συνελήφθησαν
1409 768 1512 849 (232),

162 871 342 957 συλληφθεὶς
365 873 464 955 (145),
493 873 697 960 συλληφθεῖσα
726 873 790 953 (73.
827 873 912 956 169),
943 872 1167 960 σιλληφὲέντος
1197 874 1273 954 (78),
1303 876 1516 961 συλληφθῆναι

161 975 227 1061 (48.
253 979 303 1042 71.
329 979 413 1061 202).
437 979 506 1043 Νοο
529 988 632 1043 tamen
658 978 738 1045 adeo
763 1001 813 1043 res
837 990 885 1043 est
909 990 1004 1061 certa,
1030 987 1065 1042 ut
1088 977 1193 1043 nullus
1218 979 1388 1066 serupulus
1413 1004 1513 1044 rema·

160 1096 243 1148 nent.

267 1193 308 1256 V.
327 1196 346 1257 7
368 1184 465 1279 φείδου
482 1194 599 1258 inserui
624 1193 665 1259 of.
682 1193 820 1260 Bebrius
842 1197 914 1277 107,
932 1198 951 1259 7
970 1195 1049 1257 ἀλλά
1071 1196 1215 1281 λίσσομαι,
1240 1187 1384 1282 φείδου.
1404 1197 1511 1280 Volgo

162 1319 235 1362 oum
262 1299 296 1364 O.
320 1301 359 1365 E.
384 1300 458 1366 Chr.
488 1301 680 1367 Schneidero
704 1303 786 1366 inter
808 1303 844 1365 τό
867 1303 965 1365 λοιπόν
989 1312 1021 1365 et
1045 1293 1153 1382 δικτύῳ
1187 1321 1248 1366 vox
1277 1300 1337 1366 εἶπε
1365 1302 1515 1372 adicitur.

271 1407 322 1472 De
345 1430 457 1473 versus
482 1413 510 1474 9.
535 1410 714 1474 sinceritate
731 1410 877 1496 equidem
894 1433 990 1495 quam
1008 1412 1144 1472 maxime
1165 1408 1287 1487 dubito,
1312 1431 1384 1473 eum
1411 1433 1517 1496 neqne

165 1515 277 1578 εὐωπὸν
299 1517 375 1580 satis
398 1517 579 1601 conveniat,
604 1516 690 1603 quod
714 1517 748 1582 O.
772 1519 809 1581 Ε.
833 1517 1018 1583 Schneideri
1050 1527 1098 1581 est
1125 1528 1338 1581 commentum
1364 1541 1421 1603 pro
1445 1522 1518 1581 εὐω-

164 1632 239 1702 πῶν,
265 1633 296 1686 et
318 1622 480 1709 epitheton
503 1624 692 1713 φιλαλλήλων
715 1623 832 1688 falsum
856 1647 924 1688 esse
950 1625 1017 1711 ipsa
1041 1622 1181 1688 venandi
1205 1626 1284 1687 ratio
1308 1624 1515 1709 demonstret,
1555 1639 1558 1644 '

164 1752 261 1815 quam
286 1730 373 1795 hisce
403 1730 508 1796 verbis
532 1730 683 1795 describit
694 1735 716 1807 2)
741 1730 927 1795 Aristoteles
951 1732 1035 1794 Hist.
1060 1731 1168 1794 Anim.
1194 1731 1246 1794 IX
1271 1736 1291 1797 8
1314 1754 1345 1816 p.
1371 1733 1450 1796 614·
1478 1734 1517 1796 10

166 1858 255 1923 sqq.:
278 1840 328 1902 καὶ
350 1848 411 1901 τῶν
434 1829 576 1926 περδίκων
599 1829 624 1901 δ’
640 1843 666 1900 oi
688 1840 828 1903 τιθασσοὶ
842 1840 909 1912 τοὺς
929 1841 1043 1926 ἀγρίους
1065 1828 1201 1925 πέρδικας
1225 1837 1359 1926 ὀχεύουσι
1381 1841 1432 1901 καὶ
1457 1840 1517 1901 ἑπι-

161 1945 317 2031 κορῥίζουσι
339 1947 389 2008 καὶ
412 1946 579 2034 ὑβρίζουσιν.
628 1944 694 2008 Ἐπὶ
717 1938 751 2010 δέ
773 1947 824 2009 τόν
847 1945 996 2035 θηρευτήν
1018 1936 1140 2032 πέρδικα
1174 1947 1301 2008 ὠθεῖται
1323 1955 1384 2008 τῶν
1408 1948 1516 2033 ἀγρίων

161 2054 317 2140 όήγεμὼν
340 2056 469 2134 ἀντᾴσας
492 2059 529 2126 ὡς
559 2052 749 2141 μαχούμενος·
780 2053 888 2117 τούτου
911 2044 938 2116 δ’
963 2052 1084 2125 ἁλόντος
1116 2054 1145 2115 ἐν
1172 2061 1235 2126 ταῖς
1266 2062 1392 2139 πηκταῐς
1423 2053 1513 2117 πάλιν

160 2166 348 2248 προςέρχεται
371 2165 460 2234 ἄλλος
484 2164 612 2243 ἀντᾴσας
635 2161 686 2223 τόν
710 2162 798 2224 αὐτὸν
821 2161 935 2249 τρόπον.
961 2157 1031 2222 Ἐὰν
1046 2158 1099 2246 ρέν
1114 2153 1164 2221 οὖν
1180 2158 1266 2246 ἀρ’ῥην
1288 2153 1307 2247 ᾖ
1331 2160 1513 2246 ὁὲηρεόων,

163 2276 251 2330 τοῦτο
275 2277 409 2332 ποιοῦσιν·
434 2270 485 2332 ἐὰν
508 2260 540 2332 δὲ
571 2269 682 2358 θήλεια
703 2275 722 2358 η’
746 2269 912 2356 θηρεύουσα
934 2262 953 2355 ᾖ
977 2269 1026 2330 καὶ
1057 2258 1167 2347 ᾅδουσα
1178 2316 1187 2345 ,
1220 2269 1331 2354 ἀντᾲση
1357 2257 1383 2329 δ’
1406 2272 1422 2329 ὁ
1444 2271 1517 2354 ήγε-

161 2374 225 2461 μὼν
248 2378 333 2464 αὐτῇ,
357 2381 382 2439 οἱ
406 2375 491 2439 ἄλλοι
513 2377 725 2465 ἀθροισθέντες
757 2375 898 2439 τόπτουά
927 2383 1033 2437 τοῦτον
1063 2375 1112 2436 καὶ
1146 2364 1354 2435 ἀποδιώκουσιν
1378 2374 1438 2436 ἀπό
1462 2382 1516 2461 τῆς

161 2484 295 2569 θηλείας,
320 2483 366 2546 ότι
398 2484 507 2571 ἐκείνη,
536 2482 604 2548 ἀλλ’
634 2488 688 2548 οὐκ
717 2487 814 2556 αὐτοῖς
844 2481 1042 2570 προςέρχεται·
1067 2487 1082 2544 ό
1107 2471 1139 2544 δὲ
1162 2480 1303 2553 πολλάκις
1333 2470 1382 2542 διαὶ
1414 2490 1514 2543 ταῦτα

160 2598 255 2677 σιωπή
277 2580 472 2678 προςέρχετκι,
496 2593 573 2666 ὅπως
596 2589 636 2679 μή
660 2591 749 2664 ἀλλος
771 2598 825 2679 τῆς
848 2597 943 2678 φωνῆς
966 2588 1090 2661 ἀκούσας
1107 2591 1186 2676 ἔλθη
1212 2586 1395 2675 μαχούμενος
1420 2591 1513 2668 αὐτῷ.

162 2695 266 2760 Ενίοτε
288 2689 320 2760 δέ
348 2720 432 2785 φασιν
454 2704 480 2762 οἱ
504 2706 630 2787 ἔμπειροι
660 2701 711 2762 τόν
743 2701 843 2786 ἀρ’ρενα
874 2697 1024 2783 προςιόντα
1055 2693 1109 2783 τήν
1132 2694 1258 2782 θήλειαν
1290 2696 1515 2781 κατασιγάζειν,

131 2802 133 2806 ’
160 2807 238 2878 ὅπως
268 2804 308 2892 μὴ
333 2808 519 2870 ἀκουσάντων
549 2818 608 2871 τῶν
638 2807 760 2896 ἀρρένων
791 2807 972 2892 ἀναγκασὲιή
1004 2794 1207 2891 διαμάχεσθαι
1237 2802 1305 2889 πρός
1337 2802 1452 2875 αὐτούς.
1478 2841 1517 2848 -

162 2913 325 2999 Expecto:
349 2916 528 3002 eripiendi
551 2915 662 3003 ἀγέλην
686 2913 789 3001 ὀρνέων
810 2909 894 2976 ποτ’
926 2908 996 2999 (φίλ’
1010 2906 1038 2987 i)
1071 2910 1289 2997 ἑρφύλωνί)
1318 2909 1359 2972 ef.
1395 2911 1518 2994 Oppia·

162 3043 222 3085 nus
246 3019 370 3108 Cyneg.
395 3020 430 3084 II
454 3022 517 3085 317
542 3011 672 3108 πέρδικες
711 3023 809 3108 θοῦροι
837 3010 869 3082 δὲ
897 3017 1095 3106 πυρώπεες
1123 3028 1155 3081 et
1184 3016 1216 3081 M
1242 3018 1303 3081 193
1334 3017 1401 3089 τοὺς
1433 3021 1518 3103 ὀμο-

162 3128 310 3215 φύλους
334 3128 554 3215 ἐκκαλουρέρου
575 3126 613 3190 ol.
638 3125 738 3193 Simia
760 3125 858 3190 Anth.
884 3124 949 3189 Pal.
976 3124 1042 3188 VII
1067 3125 1145 3189 203:

376 3287 472 3350 οὐκέτ’
495 3284 539 3348 ἀν’
563 3290 650 3373 ὐλῆεν
670 3275 742 3372 δρίος
766 3286 886 3369 εὔσκιον,
912 3283 1024 3372 ἀγρότα
1047 3272 1156 3371 πέρδιξ,

481 3397 631 3482 ἠχήεσσαν
654 3394 698 3482 1ης
721 3401 810 3481 γῆρυν
834 3393 892 3455 ἀπό
915 3390 1082 3478 στομάτων·

374 3501 508 3590 θηρεύων
533 3503 647 3584 βαλίους
669 3499 940 3588 συνομήλικας
963 3499 992 3560 έν
1016 3506 1094 3585 νομῷ
1118 3496 1198 3585 ὕλης·

481 3612 560 3697 ᾤχεο
584 3609 640 3696 γὰρ
663 3607 802 3694 πυμάταν
826 3612 863 3679 εἰς
887 3603 1057 3692 Ἀχέροντος
1080 3593 1154 3666 όδόν,

269 3767 309 3831 V.
343 3769 383 3832 15
406 3768 565 3855 ὡρόραντιν
588 3789 629 3831 ex
654 3767 680 3831 Ι.
706 3765 747 3831 G.
772 3763 958 3830 Schneideri
983 3764 1165 3827 coniectura
1180 3783 1238 3846 pro
1254 3759 1409 3849 ὡροράπην
1433 3767 1520 3849 (ὡρο-

161 3872 264 3962 prop
288 3875 327 3954 F)
351 3874 481 3958 legitnr3
504 3883 655 3961 praestat,
681 3874 800 3959 opinor,
825 3872 1003 3961 ὼρόμαρτυν.

270 3981 308 4045 In
332 3983 429 4046 nostri
454 3981 579 4066 apologi
604 3989 752 4044 contextu
786 3981 831 4042 ὅτι
865 4000 922 4065 pro
953 3984 977 4040 εί
1008 3974 1249 4040 rescribendum
1282 3997 1349 4038 esse
1379 3974 1519 4059 probant

164 4087 292 4160 0164·
320 4086 365 4170 (et
388 4087 479 4151 Bodl.
508 4088 581 4167 122)
605 4092 621 4152 ό
645 4078 678 4150 δὲ
710 4082 796 4150 εἶπεν·
838 4076 872 4149 δι’
902 4085 974 4147 αὐτὰ
1005 4093 1094 4146 τοῦτο
1125 4082 1238 4170 μᾶλλόν
1270 4103 1302 4144 σε
1333 4081 1432 4160 θύσω,
1455 4084 1518 4145 ὅτι

162 4198 231 4257 κτλ.
265 4194 348 4259 etF
376 4196 437 4260 172
459 4199 474 4258 ό
498 4185 531 4258 δέ
552 4195 620 4282 πρός
644 4191 736 4280 αὑτήν
761 4192 852 4265 οὕτως
884 4191 1097 4278 ἀνταπεκρίὲη·
1131 4179 1179 4251 διὰ
1210 4190 1266 4277 γάρ
1288 4198 1378 4251 τοῦτο
1403 4193 1518 4276 μᾶλλον

271 4493 289 4556 ¹)
308 4495 340 4543 N.
361 4493 378 4543 3
399 4494 476 4544 lectio
497 4489 624 4559 συλλαβὼν
643 4494 669 4542 in
690 4489 774 4540 σύλλαι
794 4491 867 4552 obiit,
881 4491 1023 4555 genuinam
1043 4490 1200 4554 scripturam
1214 4487 1388 4537 servaruntA
1404 4486 1447 4553 16,
1460 4489 1481 4537 [3
1494 4488 1519 4552 6,

162 4585 185 4634 F
215 4584 253 4635 15.

272 4671 290 4733 ²)
309 4673 451 4737 Stagiritae
479 4672 653 4723 narrationem
680 4671 772 4721 landet
796 4669 949 4720 Athenaeus
976 4669 1013 4718 lx
1039 4685 1063 4732 p,
1087 4667 1141 4719 360
1167 4668 1213 4718 tl)
1232 4667 1266 4717 cf.
1292 4665 1369 4715 etiam
1391 4665 1520 4716 Aelianus

163 4763 195 4812 N.
217 4763 247 4811 Α.
269 4761 304 4810 iV
325 4761 366 4812 16.

272 4850 291 4918 ξι)
310 4851 337 4901 Si
358 4851 450 4900 vitium
470 4850 550 4901 latius
570 4849 673 4917 serpsit,
694 4848 813 4912 eqnidom
835 4842 975 4917 ὁμογνήτιιιν
992 4847 1019 4896 in
1033 4846 1084 4896 fine
1098 4845 1273 4913 reponendum
1288 4857 1345 4892 esse
1357 4845 1519 4906 putaverim.
