3360 5466
237 320 281 387 46
752 342 810 384 οισι
833 342 1017 383 cratissima.
1521 311 1595 385 lffll

237 534 271 597 οὑ
287 521 322 594 δι’
338 531 459 615 εὔνοιαν,
476 532 556 594 ἀλλὰ
572 521 620 596 διά
636 532 671 595 τό
687 536 783 605 αὐτοῖς
799 531 948 618 συμφέρον,
973 533 1012 597 16
1036 535 1051 597 ό
1074 531 1196 617 μῦθος
1219 518 1343 616 δηλοῖ,
1366 528 1427 592 ότι
1449 525 1594 614 όλόγος

237 637 329 726 πρός
351 640 497 725 φρονίμους
521 637 704 720 ἀνθρώπους,
729 639 828 712 οίτινες
860 628 962 726 ρ’ςιδίως
994 637 1108 726 φέρουσι
1137 636 1191 709 τάς
1215 637 1248 701 ἐκ
1280 647 1339 700 τῶν
1366 635 1458 707 πίλοις
1490 634 1594 721 ὕβρεις,

236 745 309 808 ὅταν
338 735 438 807 ἴδωσιν
469 745 573 816 αὑτοὺς
603 735 678 832 μηδὲ
701 755 761 808 τῶν
792 747 904 810 οἰκείων
934 744 1143 832 ἀπεχομένους,
1179 745 1240 808 157
1269 748 1286 806 ό
1315 744 1437 829 μῦθος
1467 732 1594 828 δηλοῖ,

236 853 297 915 ότι
319 851 386 924 τοὺς
410 842 520 924 δολίους
544 853 698 940 ὑποκριτάς
728 853 797 928 τοὺς
830 857 969 940 λέγοντας
1001 856 1090 939 φιλεῖν
1120 856 1136 914 ό
1166 852 1290 939 μῦθος
1318 849 1479 937 ἐλέγχει
1495 858 1506 922 Ι(
1524 848 1594 936 πρός

236 960 288 1022 τὸν
312 959 410 1046 καιρόν
432 958 571 1032 καὶτοὺς
595 960 770 1046 κρείττονας]
801 970 846 1040 τῷ
878 969 968 1047 καιρῷ
999 961 1049 1023 καὶ
1079 968 1138 1032 τοῖς
1169 960 1329 1046 κρείττοσιν
1357 955 1413 1031 Cli
1431 957 1594 1044 κρείττονάς

237 1067 300 1148 εἰσι(
324 1068 471 1151 κρείττους
494 1069 545 1129 εἰσὶ
575 1065 617 1148 Ος
644 1104 685 1114 -
710 1066 740 1150 b]
766 1069 799 1129 in
822 1066 916 1130 simili
940 1065 1052 1131 fabula
1075 1066 1100 1131 C
1126 1088 1153 1149 p.
1178 1065 1242 1129 342
1272 1067 1318 1127 ότι
1350 1073 1408 1136 τοῖς
1440 1073 1596 1149 κρατοῦσιν

238 1177 271 1238 οὑ
295 1165 340 1236 δεῖ
360 1174 572 1253 ἀνθίστασὲαι,
600 1174 675 1237 ἀλλά
698 1179 811 1262 μάλλον
835 1178 968 1254 ὑπείκειν,
994 1173 1085 1238 Bodl.
1111 1174 1153 1239 29
1176 1174 1222 1236 ὅτι
1249 1176 1282 1235 οὑ
1313 1161 1360 1235 δεῖ
1387 1172 1595 1236 ἀνθίστασθαι

239 1290 298 1354 τοῖς
321 1290 472 1367 κρατοῦσιν
496 1272 638 1361 ἐνδόξοις,
673 1283 741 1344 ἀλλ’
774 1280 997 1345 ὑποτάσσεσθαι
1027 1282 1076 1344 καὶ
1099 1282 1232 1359 ὑπείκειν,
1266 1278 1292 1344 O
1321 1279 1396 1344 143b
1420 1279 1465 1343 ότι
1489 1281 1523 1342 οὑ
1547 1268 1594 1342 δεῖ

239 1388 443 1452 ἀνθίστασθαι
464 1398 524 1462 τοῖς
547 1398 709 1475 κρατοῦσιν,
741 1389 809 1452 ἀλλ’
840 1391 1061 1453 ὑποτάσσεσθαι
1092 1389 1141 1450 καὶ
1171 1386 1339 1465 ὑπακούειν,
1371 1385 1512 1451 Babrius
1537 1386 1594 1471 36,

241 1498 281 1562 13
305 1519 350 1581 sq.
375 1500 391 1559 ό
415 1486 448 1561 δέ
471 1518 507 1583 γε
530 1499 622 1583 μῦθος
646 1495 798 1584 ἐμφαίνει(
819 1495 859 1583 μὴ
883 1486 942 1559 δεῖν
965 1498 1118 1583 μάχεσθαι
1140 1504 1199 1568 τοῖς
1214 1503 1376 1580 κρατοῦσιν,
1401 1493 1470 1556 ἀλλ’
1495 1495 1595 1571 εἴκειν,

239 1602 385 1685 ignatius
420 1605 459 1667 16
484 1602 563 1677 (sive
588 1601 614 1667 C
641 1601 730 1683 14:3¹¹)
754 1604 803 1684 βία
826 1612 924 1687 καιροῦ
947 1600 987 1689 μὴ
1019 1601 1256 1665 ἀντιτάσσεσθαι.
1289 1600 1394 1681 Magis
1417 1598 1459 1663 ad
1483 1603 1515 1680 a)
1540 1620 1596 1663 ac·

238 1708 357 1775 cedunt
381 1710 411 1774 M
437 1710 498 1774 221
525 1714 541 1772 ὑ
565 1710 650 1797 λόγος
675 1700 769 1797 δηλοῖ,
793 1711 838 1772 ότι
860 1710 928 1796 πρός
951 1710 991 1771 τά
1015 1707 1136 1796 χαλεπά
1159 1717 1217 1770 τῶν
1238 1706 1423 1794 πραγμάτων
1446 1709 1483 1768 τό
1507 1709 1595 1771 εἴκειν

238 1825 291 1880 τοῦ
322 1818 523 1880 ἀνθίστασθαι
555 1817 779 1906 ἀσφαλέστερον,
814 1817 843 1881 Α
872 1818 937 1881 213
961 1821 976 1881 ό
999 1816 1085 1903 λόγος
1116 1806 1216 1903 δηλοῖ,
1248 1815 1294 1878 ὅτι
1316 1814 1385 1901 πρός
1406 1815 1447 1877 τά
1470 1817 1594 1902 ἀσφαλῆ

238 1924 303 2006 (εἰσ,
328 1945 390 1986 non
415 1926 538 2011 ἀσφελῆ,
564 1922 713 1989 videlicet
742 1934 869 2009 propter
893 1923 1107 2011 ἀσφαλέστερον
1130 1921 1171 2005 Α)
1193 1931 1253 1985 τῶν
1284 1921 1469 2009 πραγμάτων
1493 1922 1531 1986 τό
1554 1926 1595 1986 εἴ·

238 2054 296 2094 κειν
319 2039 373 2093 τοῦ
397 2030 628 2096 ἀντιτάσσεσθαι
651 2031 867 2117 ἀσφαλέστερόν
900 2032 976 2093 ἐστιν
1007 2030 1157 2111 (litteram
1188 2030 1414 2115 paragogicam
1438 2029 1509 2114 ipse
1533 2028 1596 2094 Co·

238 2137 303 2201 dex
334 2135 463 2221 habet),
496 2138 523 2202 F
558 2139 622 2203 180
643 2143 658 2201 ὁ
681 2140 768 2225 λόγος
797 2141 883 2217 (ὅλοις
913 2138 957 2217 F3
990 2158 1068 2201 corr.
1100 2136 1211 2201 Corsis
1235 2157 1264 2218 p.
1297 2137 1359 2201 341
1385 2158 1414 2200 n.
1439 2139 1473 2216 4)
1498 2126 1596 2223 δηλοῖ,

242 2245 327 2312 <ότι
349 2243 466 2308 adiecit
489 2243 638 2314 Corsis>
656 2247 679 2325 1)
704 2246 772 2330 πρός
792 2245 833 2308 τά
858 2245 979 2331 χαλεπά
1001 2244 1063 2308 τῶν
1084 2241 1267 2330 πραγμάτων
1283 2244 1318 2307 τό
1341 2245 1426 2306 εἴκειν
1448 2245 1500 2305 καὶ
1522 2248 1596 2306 ὑπο-

238 2353 403 2415 τάσσεσθαι
426 2352 642 2439 ἀσφαλέστερον
666 2351 734 2433 (ubi
760 2351 858 2416 verba
880 2361 933 2414 τοῦ
956 2351 1184 2415 ἀντιτάσσεσθαι
1208 2361 1281 2415 ante
1305 2348 1521 2437 ἀσφαλέστερον
1547 2350 1596 2414 vi·

238 2456 355 2522 dentur
378 2458 600 2542 intercidisse),
626 2459 651 2524 O
677 2461 751 2524 liliic
775 2464 789 2522 ό
813 2469 917 2545 καιροῖς
940 2461 1064 2523 ὑπείκων
1087 2459 1140 2520 οὑκ
1165 2459 1330 2523 ἐκπεσεῖται
1353 2467 1406 2520 τοῦ
1430 2457 1594 2542 σῴζεσθαι.

346 2565 373 2627 F
398 2567 453 2645 66)
475 2566 505 2648 a]
530 2564 712 2631 irrllcciitO
740 2566 813 2630 llilb
837 2570 852 2630 ό
875 2565 980 2652 μῦθος,
1005 2567 1049 2627 ὅτι
1073 2568 1215 2638 πολλάκις
1238 2563 1322 2646 (τινὲς
1345 2562 1438 2631 adds.
1468 2601 1507 2615 -
1535 2564 1596 2631 Co·

239 2673 303 2737 raia
324 2675 429 2736 πολλοὶ
451 2676 593 2747 πολλάκις
616 2696 658 2737 ex
690 2676 874 2738 coniectura
903 2674 1039 2756 scripsit)
1068 2678 1184 2753 ἔχοντες
1219 2684 1326 2743 <τι>
1352 2669 1490 2759 χρήσιμον
1521 2675 1594 2735 λαν-

238 2779 360 2845 θάνουσι
382 2782 431 2843 καὶ
455 2781 483 2855 ἐξ
508 2782 616 2844 ἐκείνου
640 2780 754 2867 βλάβην
777 2784 874 2852 αὑτοῖς
897 2778 930 2861 (l.
955 2783 1064 2859 αὑτοῖς)
1088 2779 1259 2866 ἐγγίνεσθαι
1281 2781 1404 2863 οἴονται,
1429 2799 1495 2864 qua
1517 2801 1594 2843 cunr

239 2889 397 2953 sententia
421 2888 459 2951 cf.
483 2888 588 2972 Ignat.
618 2892 655 2952 14
680 2889 758 2954 (sive
783 2888 808 2953 C
836 2888 922 2964 181²)
953 2891 1096 2960 πολλάκις
1126 2910 1169 2961 τις
1199 2890 1368 2973 ὠφελεῖται,
1391 2882 1424 2965 ἐξ
1447 2879 1488 2949 ὧν
1511 2877 1598 2951 δοκεῖ

240 2994 447 3075 βλάπτεσθαις
472 2994 570 3077 -1ι]
596 2995 629 3057 M
662 2995 769 3077 71,A
806 2998 859 3079 75,
884 2994 910 3059 0
945 2996 1037 3061 181¹:
1071 2990 1175 3079 οὑτως]
1206 2997 1283 3057 οὑτοι
1311 2991 1404 3059 MAG
1423 2993 1594 3079 (γίνονται)

241 3100 375 3188 ἐγένοντο
398 3101 475 3167 MA.
494 3140 535 3151 —-
555 3102 652 3167 Plane
674 3102 765 3167 aliter
789 3101 928 3167 Babrius
951 3105 1004 3181 43,
1033 3104 1073 3167 16
1097 3124 1163 3186 sqq.
1188 3102 1251 3188 περὶ
1273 3110 1334 3165 τῶν
1349 3109 1474 3165 σεαυτοῦ
1497 3125 1595 3188 πραγ-

240 3207 342 3295 μάτων
372 3210 443 3271 όταν
473 3211 575 3296 κρίνγς,
597 3210 601 3290 Ι
623 3200 713 3297 μηδὲν
743 3210 857 3291 βέβαιον
885 3209 1034 3296 ὑπολάβῃς
1063 3207 1293 3296 προγινώσκων(
1319 3197 1388 3295 μηδ’
1421 3201 1486 3272 αὖτ’
1518 3211 1596 3272 ἀπο-

239 3323 313 3401 γνῷς
336 3305 404 3401 μηδ’
428 3318 597 3403 ἀπελπίσρς·
622 3321 698 3380 οὑτω
719 3328 723 3401 Ι
744 3317 919 3402 σφάλλουσιν
939 3322 1014 3403 ἡμεῖς
1039 3312 1125 3379 ἐνίο6’
1149 3319 1178 3378 αἴ
1200 3312 1399 3401 πεποιθήσεις,
1425 3313 1517 3382 Bodl.
1549 3317 1594 3383 34

238 3421 285 3483 ὅτι
318 3424 382 3508 περὶ
411 3422 582 3509 πράγματός
613 3446 686 3495 τινος
717 3423 766 3486 ἐάν
789 3414 932 3510 διακρίνῃς
965 3423 1057 3485 καλόν
1090 3417 1173 3501 εἶναι,
1205 3419 1246 3508 μὴ
1278 3427 1348 3508 ἔχῃς
1379 3424 1481 3508 (λέγῃς
1517 3444 1593 3488 euin

238 3526 382 3593 Hartclio
419 3526 593 3611 Κιιοοῖίίιιε)
630 3531 752 3609 βεβαίως
785 3531 909 3611 (βέβαιον
944 3528 1079 3609 codices,
1115 3527 1199 3614 qued
1231 3528 1263 3592 in
1296 3528 1411 3608 βέβαιόν
1433 3550 1463 3589 τι
1487 3527 1593 3595 editor

237 3637 384 3715 mutivit)
408 3636 471 3723 περὶ
501 3637 617 3700 τοὺτοο·
649 3641 789 3711 πολλάκις
820 3638 876 3723 γὰρ
908 3640 1084 3724 σφάλλουσιν
1116 3640 1145 3698 αἴ
1175 3625 1306 3717 ἐλπίδες,
1329 3639 1366 3708 εἰς
1389 3638 1422 3708 ἂς
1445 3627 1595 3724 ἐπερειδό-

236 3743 331 3828 μεθα,
355 3742 442 3808 unde
465 3744 497 3807 in
521 3743 547 3807 C
576 3745 650 3809 lllld
676 3746 721 3807 ὅτι
743 3747 805 3832 περὶ
827 3743 999 3831 πράγματός
1022 3766 1105 3823 τινος,
1130 3743 1180 3805 ἐάν
1211 3732 1368 3830 διακρίνῃς,
1399 3743 1494 3809 καλόν
1523 3742 1596 3810 εἶναι

236 3848 276 3936 μὴ
302 3856 379 3936 ἔχειν
402 3853 525 3930 βεβαίως
547 3854 610 3935 περὶ
633 3853 749 3914 τούτου·
773 3851 912 3923 πολλάκις
936 3852 992 3938 γάρ
1016 3848 1191 3938 σφάλλουσιν
1215 3854 1243 3911 αἱ
1267 3839 1389 3928 ἐλπίδες,
1413 3845 1452 3924 εἷς
1479 3852 1592 3939 ἐπερει-

238 3947 353 4043 δόμείλα
377 3956 475 4021 verba
498 3960 588 4022 καλόν
612 3956 681 4023 εἶναι
705 3958 745 4021 ad
769 3949 910 4045 διακρίνῃς
947 3955 1104 4023 trahenda
1134 3980 1201 4021 essa
1225 3955 1368 4041 adparet,
1394 3992 1434 4005 —
1461 3957 1593 4045 Syntip.

242 4067 280 4127 lli
304 4066 381 4145 (sive
405 4064 431 4127 C
456 4087 482 4147 p.
508 4067 585 4143 366)
608 4071 624 4129 ὑ
647 4067 742 4152 μῦέιος
769 4060 852 4139 οὗτος
883 4056 984 4153 δηλοῖ,
1010 4071 1047 4138 ὡς
1071 4068 1103 4127 οὑ
1127 4063 1183 4152 χρή
1207 4088 1272 4126 τινα
1301 4073 1362 4127 τῶν
1385 4064 1415 4129 ἐν
1437 4068 1539 4146 ἑαυτῷ
1564 4091 1596 4134 τι

238 4170 369 4256 ἐπαινεῖν,
394 4176 417 4234 εἰ
440 4170 481 4258 μὴ
504 4173 544 4235 τά
569 4174 716 4260 εὔχρηστα
740 4176 789 4236 καὶ
813 4175 960 4260 ἐπωφελῆ.

348 4488 364 4549 ¹)
384 4492 405 4541 F
424 4489 440 4539 3
461 4486 473 4539 ό
493 4488 571 4558 μῦθος
589 4488 665 4554 δηλοῖ
686 4487 743 4556 πρός
769 4489 822 4547 τοὺς
847 4488 1002 4556 ὑπερέχοντας
1029 4484 1130 4556 ἅμιλλαν
1153 4484 1224 4556 μηδὲν
1249 4482 1322 4538 ἀνύειν
1345 4482 1383 4536 καλ
1403 4483 1440 4535 ἐπ)
1460 4490 1595 4556 συμφοραῖς

239 4580 396 4643 προς-κτῶνται
421 4577 514 4646 γέλωτα
538 4581 687 4643 corruptela
711 4580 820 4629 laborat.
863 4580 969 4628 Rectam
995 4579 1152 4641 scripturam
1177 4573 1189 4625 ό
1209 4575 1287 4644 (κῦδος
1315 4573 1401 4640 δηλοῖ,
1429 4571 1478 4625 ότι
1496 4575 1511 4642 ἡ
1532 4575 1592 4645 πρός

239 4665 291 4724 τοὺς
311 4667 465 4735 ὑπεράγοντας
484 4666 572 4736 ’ἀμσλλα
592 4668 649 4735 πρός
669 4673 703 4735 rvi»
725 4665 796 4735 μηδὲν
815 4665 886 4716 άνόειν
904 4664 942 4715 κα)
962 4665 985 4715 ἐν
1004 4668 1054 4724 ταῖς
1072 4667 1123 4734 (vel
1149 4662 1187 4715 ἐπ)
1212 4667 1270 4724 ταῖς)
1295 4666 1425 4734 συμφοραῖς
1447 4667 1592 4732 προςκτᾶται

239 4754 333 4822 γέλωτα
353 4758 493 4808 adsecutus
512 4768 552 4808 ast
570 4759 660 4807 (ἶοιιιῖι
680 4775 703 4820 γι,
725 4757 777 4807 atti
796 4775 821 4806 n.
849 4758 873 4819 2,
900 4758 967 4806 citra
993 4757 1175 4807 necessitatem
1200 4773 1261 4807 vero
1287 4751 1321 4803 lid
1347 4755 1478 4825 συμφοραῖς
1497 4757 1524 4806 in
1546 4757 1590 4809 dn·

240 4846 311 4903 bium
332 4850 435 4897 vocavit
454 4849 488 4898 cf.
509 4848 536 4895 it
559 4848 589 4897 12
608 4854 634 4897 et
654 4852 674 4895 Α
695 4847 719 4900 2.
