3360 5466
159 103 237 176 [421]
646 122 900 167 οιουοιοιιτιοκκε
922 122 1077 166 Aesopum.
1477 101 1520 167 45

160 318 243 383 dem
267 318 422 383 rationem
445 317 643 404 patefaciunt
665 318 751 382 1157
768 323 784 381 6
802 320 895 406 μῦθος
918 308 1010 405 δηλοῖ,
1034 317 1080 380 ότι
1100 316 1168 389 τούς
1191 317 1321 403 γνησίους
1343 325 1403 378 τῶν
1428 316 1519 403 φίλων

157 431 192 487 αἱ
228 427 369 513 συμφοραὶ
397 415 609 510 δοκιμάζουσιν·
641 424 671 512 ἥ·
706 427 874 510 ἀπέχεσθαι
906 422 963 511 χρὴ
997 426 1096 510 φίλων,
1130 425 1230 496 οἵτινες
1259 423 1289 485 ἐν
1319 413 1456 495 κινδύνοις
1486 425 1519 484 ού

158 535 325 620 βοηθοῦσιν
348 523 415 595 οὒδέ
436 532 639 618 παραμένουσι,
663 534 706 596 59
730 536 745 594 6
768 534 861 618 μῦθος
884 522 976 619 δηλοῖ,
1001 534 1046 594 ότι
1069 530 1147 594 ούτω
1170 531 1219 592 καὶ
1242 534 1269 591 οί
1290 530 1359 616 πρός
1381 529 1432 591 τόν
1456 553 1520 591 και-

157 641 212 726 ρόν
239 641 376 712 καὶτοὺς
399 642 564 727 κρείττονας
588 644 685 701 αύτῶν
708 637 748 726 μη
773 639 982 723 άνὶιστάμενοι
1012 637 1171 725 κρείττονός
1203 642 1254 699 εἰσι
1284 639 1343 699 τῶν
1366 636 1434 723 πρός
1457 636 1520 720 μεί·

158 749 252 832 ζονας
276 747 520 833 φιλονεικούντων·
551 747 580 834 ἦ·
612 748 658 809 ότι
688 750 721 809 ού
754 737 800 809 δεῖ
827 756 885 818 τοῖς
915 748 1074 834 κρείττοσιν
1104 748 1294 824 ἀντιπίπτειν,
1320 745 1362 808 66
1385 749 1401 807 6
1425 743 1519 829 μῦθος

158 846 260 942 δηλοῖ,
285 855 330 916 ὅτι
353 856 455 940 ὁμοίως
478 853 620 925 πολλάκις
643 854 717 927 τινὲς
740 844 893 926 δοκοῦντες
916 860 992 932 ἐχειν
1014 876 1043 914 τι
1068 850 1205 939 χρήσιμον
1234 852 1430 913 λανὲάνουσιν
1454 853 1520 912 ἑαυ-

159 963 236 1034 τοὺς
264 962 459 1048 βλαπτόμενοι
489 953 525 1024 δι’
554 963 671 1024 ἐκείνου·
701 958 720 1047 ἢ
752 960 854 1033 οὔτως·
887 964 1029 1032 πολλάκις
1061 960 1093 1040 (Ι.
1126 958 1154 1044 ἦ·
1187 959 1280 1032 ούτως
1310 956 1464 1046 πολλάκις)
1488 958 1542 1020 ἐνΙ

159 1059 304 1140 κινδύνοις
328 1073 353 1130 οἰ
376 1069 427 1154 μὲν
452 1069 575 1131 θποπτοι
598 1070 657 1129 τῶν
681 1071 770 1154 φιλων
801 1075 929 1155 σωτῆρες
959 1069 1102 1154 γίνονται,
1127 1072 1152 1129 οἰ
1176 1057 1210 1130 δέ
1233 1056 1342 1154 σφόδρα
1366 1067 1518 1151 ἐμπιστευ-

161 1177 272 1248 θέντες
294 1165 442 1260 προδόται,
467 1177 510 1239 96
534 1180 549 1238 ό
572 1175 658 1262 λόγος
682 1178 767 1257 (ὅλως
793 1176 838 1255 1¹3
863 1198 940 1239 corr.
967 1174 1079 1238 corais
1102 1196 1132 1259 p.
1157 1174 1223 1238 290
1248 1196 1277 1236 n.
1304 1173 1382 1236 601.
1406 1194 1436 1257 p.
1453 1170 1518 1236 407

162 1306 197 1346 n.
219 1285 364 1367 5supra)
390 1273 528 1362 διδάσκει,
557 1285 603 1345 ότι
625 1283 753 1370 εὐλόγως
770 1284 869 1346 ἐκεῖνοι
893 1282 1050 1367 άχὲονται,
1074 1285 1102 1344 οἰ
1118 1292 1177 1344 τῶν
1194 1270 1271 1343 ἰδίων
1286 1280 1429 1367 καμάτων
1452 1280 1520 1354 τοὺς

162 1390 315 1477 τυχόντας
338 1395 423 1477 ὁρῶσι
445 1391 498 1462 τάς
522 1393 690 1475 ἐπικαρπίαις
713 1390 949 1478 ἀποφερομένους·
974 1389 1003 1477 ἀγ
1027 1391 1072 1453 ὅτι
1088 1392 1193 1452 πολλοὶ
1215 1390 1334 1476 μόχθον
1358 1390 1407 1450 καὶ
1429 1388 1519 1450 κόπον

164 1497 275 1583 ἐτέρων
298 1506 444 1559 ποιοῦνται
465 1487 535 1558 ἴδιον
558 1488 667 1583 κέρδος,
695 1499 753 1561 101
780 1502 795 1559 6
820 1498 913 1582 μύὲος
938 1487 1039 1585 δηλοῖ,
1064 1498 1109 1559 ότι
1141 1496 1260 1585 γνώμην
1282 1496 1446 1583 κακούργου
1470 1496 1519 1556 καὶ

165 1609 348 1666 πλεονέκτου
371 1605 458 1690 λόγος
481 1607 514 1666 ού
536 1607 642 1682 πείθει,
667 1601 721 1666 κάν
755 1603 874 1692 ἀληθὴς
904 1605 1051 1692 τυγχάνη·
1076 1605 1105 1690 ἧ·
1130 1606 1175 1667 ότι
1207 1599 1245 1676 οἷς
1275 1604 1410 1690 πρόθεσίς
1442 1603 1518 1665 ἐστιν

166 1702 286 1788 ἀδικεῖν,
311 1711 378 1796 παρ’
402 1715 498 1783 αὐτοῖς
521 1702 587 1774 οὐδὲ
612 1702 708 1774 δικαία
732 1714 876 1799 ἀπολογία
907 1712 1017 1797 ἰσχύει,
1046 1715 1107 1776 118
1130 1716 1146 1774 ύ
1171 1712 1267 1797 μῦθος
1298 1701 1390 1797 δηλοῖ,
1414 1712 1470 1795 ότι,
1495 1715 1519 1773 εἰ

166 1819 218 1878 καὶ
240 1818 281 1879 τά
305 1816 402 1904 άλογα
425 1817 487 1900 ζῷα
512 1820 644 1905 αἴσθησιν
669 1825 768 1906 έχουσι
790 1828 842 1882 τοῦ
866 1824 971 1897 καλοῦ,
996 1828 1057 1892 πῶς
1079 1821 1111 1881 ού
1135 1808 1181 1881 δεῖ
1208 1823 1284 1905 ημοῖς
1314 1818 1382 1889 τούς
1405 1820 1519 1903 εύεργέ-

167 1948 222 1997 τας
246 1927 439 2010 ἀμείβεσθαι;
464 1924 491 2011 ἦ·
516 1916 652 1987 δύνανται
676 1928 724 1987 καὶ
747 1927 787 1988 τά
811 1927 899 2013 μικρά
932 1924 1070 2011 (supplet
1102 1926 1176 2010 ζῷα)
1200 1936 1258 1998 τοῖς
1282 1925 1444 2013 εὐεργέταις
1468 1947 1518 2010 με·

167 2032 265 2118 γάλας
289 2033 411 2116 ἀμοιβάς
435 2040 580 2120 παρεχειν,
607 2072 648 2079 -
674 2033 811 2097 Rubrius
839 2035 848 2094 l
877 2035 923 2097 ὅτι
955 2025 1000 2097 δεῖ
1026 2036 1059 2097 ἐκ
1090 2037 1149 2096 των
1179 2033 1411 2120 προςφερομένων
1434 2032 1519 2119 γινώ-

168 2161 246 2200 σκειν
269 2136 325 2224 τὴν
349 2139 474 2201 ἑκάστου
505 2131 638 2202 διάὲεσιν
669 2142 718 2202 καὶ
749 2142 794 2201 ὅτι
818 2146 836 2228 ἡ
860 2143 943 2226 σοφία
973 2149 1026 2226 τῆς
1059 2131 1207 2226 δυνάμεως
1239 2131 1374 2227 διαφέρει,
1410 2142 1449 2203 15
1473 2140 1518 2202 ὅτι

167 2251 200 2308 ού
218 2237 264 2308 δεῖ
275 2248 341 2319 τοὺς
357 2256 531 2333 μεγιστάνας
549 2257 633 2310 κινεῖν
649 2253 686 2319 εἰς
701 2247 788 2335 ὀργὴν
805 2248 885 2310 κατά
901 2257 962 2309 τῶν
977 2246 1160 2327 ύπεξουσίων·
1184 2252 1221 2319 εἰς
1243 2247 1452 2334 ματαιολογίας
1469 2247 1518 2308 καὶ

168 2344 272 2438 ἐριδας,
302 2356 340 2416 16
364 2343 495 2416 διδάσκει
517 2360 620 2442 ημάςό
636 2357 740 2441 μῦθος,
764 2358 810 2417 ότι
826 2358 859 2416 ού
878 2353 933 2442 χρὴ
950 2363 1020 2417 πάσι
1043 2354 1195 2433 πιστεύειν,
1220 2355 1333 2440 γυναικὶ
1355 2343 1388 2416 δὲ
1411 2353 1518 2440 ἥκιστα

167 2464 287 2547 μεγάλα
310 2462 359 2522 καί
381 2460 545 2547 πάμπολλα
569 2463 819 2549 ἐπαγγελλομένη·
843 2463 911 2549 πρός
933 2462 985 2524 τόν
1007 2471 1100 2533 κεναῖς
1132 2460 1258 2534 ἀπάταις
1286 2458 1518 2546 ἐξαπατηθέντα

168 2568 208 2631 uf.
233 2589 264 2628 n.
291 2569 333 2631 95
357 2569 402 2629 ότι
424 2571 490 2642 τοὺς
512 2579 571 2640 τοῖς
595 2572 771 2656 προλαβοῦσι
794 2580 893 2643 κακοῖς
916 2568 956 2656 μὴ
987 2569 1237 2655 σωφρονισθέντας
1260 2567 1379 2640 εἰκότως
1403 2571 1518 2654 ἄφυκτοι

169 2674 251 2736 κακά
275 2664 454 2762 διαδέχεται,
481 2678 509 2738 ἐν
532 2671 556 2738 ὦ
580 2679 628 2739 καὶ
652 2681 772 2762 ἐλεγχος
800 2678 879 2739 κατά
903 2667 1073 2763 φιλοδόξων.
1099 2713 1141 2721 -
1166 2675 1257 2755 Quae
1286 2674 1462 2760 epimythia
1484 2676 1517 2738 in

169 2783 240 2846 aliis
265 2783 461 2868 corpusculis
485 2784 515 2846 iu
542 2784 682 2868 singulas
709 2797 812 2868 partos
837 2785 1027 2870 digeruntur
1049 2782 1089 2848 ef.

278 2888 571 2976 F57)a]11161,
597 2893 626 2954 Α
650 2894 702 2970 65,
728 2891 754 2956 C
787 2894 874 2978 249’“,
907 2890 1082 2977 Georgides
1114 2888 1260 2955 Gnomol.
1291 2913 1318 2973 p.
1350 2892 1394 2955 90
1417 2890 1516 2955 Βοίεε.

170 2998 220 3078 (=
243 2996 338 3060 Babr.
366 3021 394 3059 n.
424 3000 485 3061 198
510 2997 708 3071 (άίίίίικιιει);
734 2997 837 3085 μῦθος)
862 3000 949 3086 λόγος
974 2997 1066 3062 MAG
1084 2997 1127 3080 ))ύ
1151 2998 1247 3084 μῦθος
1271 2987 1363 3081 δηλοῖ,
1388 2999 1432 3059 ότι
1456 3021 1520 3060 0111.

169 3102 288 3186 Georg.
308 3113 317 3175 ΙΙ
336 3095 547 3190 δοκιμάζουσιν)
572 3097 772 3193 δοκιμάσουσιν
806 3108 832 3169 Α
857 3105 925 3182 (sed
949 3106 1015 3190 ipse
1040 3104 1188 3169 librarius
1222 3104 1359 3167 litteram
1386 3126 1518 3188 parago-

169 3211 273 3293 gieam
301 3210 469 3275 delendam
501 3233 569 3274 esse
601 3213 813 3296 significavit),
847 3204 1030 3299 δοκιμάζουσι
1061 3212 1105 3292 Oq
1133 3251 1172 3258 —-
1198 3209 1231 3298 b]
1266 3210 1291 3276 O
1325 3211 1415 3276 249b:
1448 3211 1517 3273 ἀπέ·

168 3319 288 3401 χεσὲαι)
322 3325 336 3381 6
368 3322 460 3403 μῦθος
495 3311 588 3406 δηλοῖ,
623 3322 668 3382 ότι
703 3321 871 3407 άπεχεσὲαι
907 3319 961 3393 011
979 3321 1008 3382 ἐν
1039 3310 1172 3391 κινδύνοις
1204 3322 1238 3380 ού
1269 3321 1424 3405 βοηθοῦσιν
1451 3308 1518 3381 οὐδὲ

168 3426 373 3516 παραμένουσι)
399 3427 428 3488 ἐν
448 3437 537 3512 καιρῷ
559 3426 750 3513 περιστάσεως
775 3431 807 3490 ού
830 3427 1024 3513 παραμένουσι
1056 3427 1176 3514 βοηθεῖν
1200 3424 1226 3490 C
1250 3424 1290 3491 ef.
1315 3425 1342 3487 F
1365 3425 1397 3486 in
1422 3422 1516 3489 fabu-

170 3534 220 3596 lae
245 3542 352 3595 textu:
384 3535 442 3595 ἀπό
470 3543 523 3594 τοῦ
547 3544 593 3595 νῖν
615 3533 757 3606 τοιούτοις
788 3531 828 3620 μὴ
860 3524 1065 3620 συνοδοιπορεῖν
1089 3535 1192 3620 φίλοις,
1225 3537 1252 3594 οἰ
1275 3533 1305 3594 ἐν
1328 3521 1463 3604 κινδύνοις
1485 3535 1518 3594 ού

167 3639 387 3726 παραμένουσιν.

277 3747 304 3809 F
322 3749 376 3826 59)
400 3747 429 3829 ιι)
455 3748 480 3809 11}
508 3749 600 3810 113¹:
627 3747 705 3809 ούσω
728 3750 777 3809 καί
800 3769 860 3809 om.
885 3746 922 3831 Ο,
947 3756 979 3810 at
1010 3747 1048 3811 ef.
1082 3747 1110 3811 F
1141 3747 1170 3810 2.
1197 3750 1226 3810 4.
1254 3748 1283 3809 8.
1309 3747 1361 3809 46.
1386 3747 1438 3809 48.
1463 3747 1516 3810 55.

170 3857 222 3919 69.
248 3856 298 3917 88.
324 3854 374 3917 92.
404 3856 474 3917 135.
500 3854 537 3916 Iu
563 3854 588 3920 O
613 3853 723 3918 eadem
747 3853 883 3919 formula
910 3853 1159 3939 deprehenditur
1181 3876 1212 3916 11.
1237 3858 1278 3919 4⁸.
1303 3857 1346 3917 8¹.
1372 3855 1413 3917 33
1438 3855 1517 3931 (sive

170 3962 198 4025 F
222 3961 512 4041 22619111siveF
529 3963 615 4043 248).
635 3965 677 4025 98
694 3964 771 4041 (sive
787 3963 815 4026 F
832 3964 926 4043 2501:
951 3959 1035 4026 udde
1059 3963 1091 4025 3·
1115 3967 1130 4024 6
1154 3964 1278 4048 μῦθος
1301 3951 1431 4049 δηλοῖ,
1459 3961 1518 4022 ὅτι

169 4070 236 4131 καὶ
259 4077 318 4129 τῶν
341 4068 504 4153 ἀνθρώπων
528 4069 650 4141 ούτως
673 4070 822 4157 άλόγιοτυί
845 4075 912 4132 εἰσιν
935 4074 960 4131 οἱ
983 4058 1019 4130 δι’
1043 4058 1147 4131 ἐλπίδα
1177 4067 1314 4154 μειζόνων
1338 4057 1456 4153 ἀδήλων
1478 4067 1519 4130 τά

169 4175 199 4238 ἐν
223 4178 303 4262 χερσὶ
325 4175 491 4263 προϊέμενοι.
526 4175 575 4240 uf.
609 4187 773 4261 praeterea
802 4178 834 4240 in
865 4174 1111 4263 epimythiorum
1144 4174 1289 4239 introitu:
1312 4175 1436 4262 ὀλίγος
1467 4165 1520 4261 δη-

169 4286 224 4359 λοῖ,
249 4283 294 4343 ότι
317 4282 408 4354 ούτως
431 4284 480 4343 καὶ
505 4282 543 4359 (O
568 4284 632 4346 216
656 4285 723 4346 sive
747 4284 775 4346 F
799 4285 886 4367 295),
920 4288 936 4346 ό
966 4285 1060 4369 μῦθος
1088 4272 1187 4369 δηλοῖ,
1220 4282 1265 4345 ὅτι
1295 4281 1373 4343 ούτω
1402 4281 1443 4361 (F
1465 4280 1518 4344 26.

169 4391 230 4468 86,
256 4388 281 4452 C
306 4391 347 4452 85
372 4399 403 4452 et
426 4392 468 4452 93
492 4392 558 4452 sive
583 4391 610 4452 F
635 4391 699 4454 239
724 4401 755 4454 et
779 4389 862 4470 246),
887 4396 902 4453 ό
925 4391 1020 4477 μύὲος
1052 4378 1143 4476 δηλοῖ,
1175 4389 1220 4450 ότι
1250 4386 1342 4458 ούτως
1365 4387 1405 4467 (F
1433 4388 1517 4472 176),

168 4499 299 4580 όμῢθος
324 4489 415 4584 δηλοῖ,
439 4498 484 4559 ότι
506 4500 608 4583 ὁμοίως
632 4498 672 4577 (F
695 4500 747 4576 66)
771 4497 821 4561 cll.
847 4498 918 4561 F6
949 4497 1124 4583 6116303
1156 4485 1283 4581 δηλοῖ,
1317 4495 1380 4556 ότι
1409 4487 1517 4566 οὗτος

169 4608 184 4667 6
220 4604 335 4690 λόγος
367 4604 530 4692 ἁρμόζει
557 4605 684 4685 ἐκείνοις,
715 4609 742 4667 οῖ
773 4606 825 4678 τοίς
856 4605 1028 4691 συμβουλίας
1054 4613 1200 4666 ποιοῦνται
1231 4602 1298 4684 πρός
1328 4600 1397 4674 τοὺς
1427 4602 1518 4674 πέλας
