3390 5466
124 308 199 388 [419]
611 342 865 387 nnucmamonns
888 343 1043 385 ausoniam
1435 319 1479 387 48

229 527 269 593 'O
291 530 379 618 λόγος
403 521 496 618 δηλοῖ,
521 531 566 594 ότι
591 535 615 596 οἰ
646 535 869 620 φιλονεικοῦντες
895 542 953 607 τοῖς
984 535 1128 622 κρείττοσι
1157 541 1211 622 τῆς
1241 537 1354 600 ἑαυτῶν
1376 556 1475 626 σωτη-

123 641 181 728 ρίας
202 647 421 726 καταφρονοῦσι

733 834 869 900 CCXV.

231 989 307 1066 Τοὺς
335 991 478 1078 πιθήκους
508 995 576 1079 φασὶ
608 983 659 1056 δύο
688 995 798 1058 τίκτειν
826 997 875 1057 καὶ
902 997 937 1058 τό
968 996 1019 1083 μὲν
1053 1001 1161 1067 <ἒν>
1195 1007 1254 1058 τῶν
1285 1002 1474 1084 γεννημάτων

123 1100 252 1188 στέργειν
275 1103 324 1163 καὶ
347 1098 412 1188 μετ’
435 1102 597 1186 ἐπιμελείας
621 1101 742 1186 τρέρειν,
767 1103 803 1165 τό
827 1093 859 1166 δί
882 1104 980 1190 ἕτερον
1002 1113 1092 1191 μισεῖν
1113 1105 1162 1166 καὶ
1186 1106 1370 1189 ἀμελεῖσθαι.
1396 1102 1474 1188 Συμ-
1564 1155 1565 1159 ,

124 1210 211 1289 βαίνει
234 1198 267 1271 δὲ
298 1207 377 1270 κατοί
407 1232 473 1270 τινα
505 1210 589 1271 θείαν
619 1209 714 1296 τύχην
745 1210 780 1272 τό
809 1209 861 1295 μὲν
892 1210 1114 1298 ἐπιμελούμενον
1146 1209 1354 1298 ἀποθνῄσκειν,
1378 1211 1414 1273 τό
1436 1201 1471 1273 δί

123 1316 348 1403 ύλιγωροὺμενον
372 1315 561 1378 ἀναθάλλειν.

230 1419 268 1485 Ὀ
292 1423 379 1511 λόγος
402 1413 495 1510 δηλοῖ,
520 1424 565 1484 ότι
588 1422 682 1510 πάτης
704 1426 834 1510 προνοίας
858 1429 876 1512 ἰη
898 1424 977 1512 τύχη
1002 1416 1191 1512 δυνατωτέρα
1214 1425 1397 1512 καθέστηκε.

228 1531 266 1594 Ν.
291 1531 333 1595 99
366 1552 436 1592 cuni
469 1528 532 1593 leni
560 1529 704 1593 lectionis
736 1532 891 1595 varietate
923 1533 1061 1595 offerunt
1094 1532 1128 1595 M
1163 1534 1244 1615 170,
1276 1530 1302 1596 C
1337 1533 1421 1612 148,
1446 1531 1474 1596 F

126 1638 198 1721 128,
223 1637 277 1700 sed
303 1637 474 1721 plurimum
499 1637 742 1701 affabulationes
772 1637 942 1715 differunt,
967 1660 1050 1723 quae
1080 1638 1209 1723 quidem
1234 1637 1274 1701 ad
1299 1637 1470 1723 apologum

122 1743 226 1826 ipsum
250 1745 367 1828 optimc
402 1743 574 1829 quadrent:
605 1745 673 1830 πρός
705 1735 794 1830 ἀνδρα
825 1737 1016 1833 αἰσχροκερδῆ
1046 1737 1122 1833 μηδὲ
1153 1748 1232 1808 θεῶν
1262 1745 1474 1832 πεφροντικότα

122 1852 246 1938 ὀλίγος
270 1851 396 1938 εὔκαιρος
420 1851 487 1934 (Μ),
512 1852 580 1938 πρὸς
604 1841 691 1938 ἀνδρα
716 1843 906 1940 αἰσχροκερδῆ
929 1853 978 1914 καὶ
1002 1853 1037 1914 τύ
1059 1855 1140 1915 θεῖον
1161 1862 1383 1940 περιρρονοὺντα
1406 1852 1469 1936 (Ο),

122 1959 189 2044 πρὸς
214 1949 303 2044 ἀνδρα
328 1950 517 2046 αἰσχροκερδῆ
542 1960 591 2019 καὶ
613 1968 658 2037 τῷ
681 1961 745 2038 θεῷ
762 1963 781 2040 ¹)
803 1969 1023 2047 περιφρονοῦντι
1047 1959 1110 2041 (F).
1137 1957 1283 2044 Sylloges
1307 1959 1473 2042 Augusta-

123 2088 182 2129 nae
206 2067 390 2128 memoriam
416 2066 643 2150 ineptissimam
669 2089 737 2129 esse
761 2069 793 2129 in
818 2066 925 2130 oculos
950 2067 1092 2150 incurrit,
1116 2068 1195 2129 ratio
1212 2089 1288 2130 vero
1311 2066 1341 2128 in
1367 2087 1474 2151 prom·

122 2180 179 2257 ptu
202 2183 259 2255 est,
285 2194 367 2257 quae
390 2174 434 2235 roi
459 2183 606 2235 naturam
640 2172 775 2237 evolvat.
809 2173 966 2236 Nimirum
999 2172 1093 2236 simul
1125 2196 1197 2237 oum
1229 2172 1404 2258 epimythio
1427 2171 1473 2236 fa·

124 2277 218 2345 bulas
242 2293 370 2342 nostrae
394 2279 548 2364 apologus
571 2277 610 2342 da
634 2277 708 2362 lupo
741 2288 771 2343 et
802 2301 886 2362 agno
919 2279 1079 2343 intercidit
1107 2279 1140 2343 in
1172 2280 1198 2344 C
1225 2283 1299 2344 139·
1322 2290 1354 2343 et
1378 2280 1405 2343 F
1429 2282 1472 2343 75

122 2398 273 2457 servatus,
298 2386 338 2449 nd
362 2407 455 2471 qnam
481 2385 580 2451 varba
603 2391 619 2447 ὑ
642 2386 865 2474 λόγος-καιροὶ
888 2386 1218 2450 accommodatissima
1242 2396 1329 2449 sunt:

227 2491 343 2580 Ἔριφος
366 2494 412 2555 ἐπί
434 2517 508 2565 τινος
532 2484 669 2578 δώματος
700 2489 899 2577 (ὑψηλοτάτου
930 2492 1020 2555 addit
1043 2494 1080 2573 F)
1112 2493 1219 2572 ἑστώς,
1253 2484 1352 2579 ἐπειδὴ
1383 2493 1472 2555 λύκον

122 2601 222 2679 (λύκον
245 2602 309 2662 τινα
338 2602 378 2679 F)
405 2601 544 2687 παριόντα
576 2590 659 2679 εἶδεν,
692 2590 826 2687 ἐλοιδόρει
857 2601 906 2661 καὶ
939 2607 1090 2662 ἔσκωπτεν
1122 2591 1269 2687 (ἐλοιδόρει
1301 2600 1341 2678 F)
1372 2599 1470 2664 αὑτόν.

122 2703 161 2768 Ὀ
184 2698 217 2769 δὲ
241 2707 326 2779 λύκος
350 2714 415 2794 ἔφη·
448 2702 480 2769 ’ὦ
513 2701 618 2786 οὑτος,
652 2711 684 2768 οὑ
715 2707 749 2769 οὑ
779 2730 816 2794 με
845 2698 995 2792 λοιδορεῖς,
1026 2709 1094 2769 ἀλλ’
1120 2712 1136 2769 ό
1158 2707 1255 2780 τόπος
1279 2708 1322 2789 (ἐν
1343 2701 1367 2786 ᾧ
1389 2708 1472 2770 ἵστα-

122 2837 168 2877 σαι
191 2813 332 2877 adnectit
354 2814 404 2895 F).

229 2917 267 2982 '0
291 2924 385 3008 μῦθος
408 2912 499 3008 δηλοῖ,
524 2924 569 2984 ὅτι
592 2921 735 2994 πολλάκις
759 2923 808 2984 καὶ
830 2926 846 2983 ό
866 2921 954 2994 τόπος
977 2923 1026 2984 καὶ
1049 2926 1064 2984 ὑ
1087 2921 1182 3007 καιρὺς
1213 2911 1312 2982 δίδωσι
1335 2921 1371 2983 τύ
1394 2919 1471 3007 9ρά-

122 3051 168 3102 σος
192 3030 271 3091 κατα
293 3031 351 3090 τιῖιν
375 3030 529 3116 ἀμεινόνων
553 3031 644 3110 (κατοὶ
667 3038 726 3092 τῶν
751 3030 906 3115 ἀμεινόνων
929 3030 964 3091 τύ
987 3028 1093 3116 θράσος
1118 3029 1166 3112 F).

229 3136 430 3199 Simiilinnnn
456 3135 585 3202 fabulas
611 3136 810 3201 desideratae
834 3136 1017 3220 exemplum
1044 3135 1176 3220 proponi
1193 3133 1243 3197 vel
1268 3133 1342 3197 indo
1365 3133 1470 3218 saqui-

122 3253 182 3323 tur,
208 3243 292 3328 qnod
317 3243 428 3306 eodem
452 3244 546 3306 modo
570 3256 664 3329 atque
688 3246 827 3307 narratio
850 3243 890 3306 de
914 3242 1067 3308 statuario
1082 3245 1105 3322 ³)
1129 3265 1148 3305 a
1173 3240 1279 3305 littera
1303 3238 1470 3325 Eincipit.

124 3349 161 3412 ln
193 3350 263 3413 aliis
296 3350 436 3413 ciusdem
468 3352 647 3431 argumenti
678 3350 819 3435 apologis
850 3349 912 3413 alia
945 3359 992 3412 ost
1024 3349 1113 3431 primi
1141 3347 1229 3412 vorbi
1258 3346 1358 3430 ratic,
1395 3369 1472 3431 qua·

124 3468 251 3541 propter
274 3461 368 3522 etiam
392 3457 566 3542 epimythia
589 3457 659 3541 plus
684 3456 828 3519 minusve
853 3457 971 3519 distant
994 3455 1035 3519 cf.
1070 3453 1159 3519 Bodi.
1196 3457 1235 3519 81
1260 3454 1356 3538 (=O
1383 3454 1469 3538 139⁶,

123 3563 177 3627 ubi
203 3563 388 3627 affabulatio
412 3567 528 3627 omissa
551 3567 610 3642 cst)
633 3565 679 3625 ὅτι
703 3566 751 3624 καὶ
773 3567 863 3650 καιροὶ
887 3564 999 3650 ρίρουσι
1032 3565 1081 3625 καὶ
1109 3563 1207 3624 τύπων
1239 3551 1402 3632 διαστάσεις
1426 3562 1471 3622 εὑ·

122 3671 290 3752 τελίζεσθαι
314 3674 361 3732 καὶ
386 3669 584 3755 ἀτιμάζεσθαι
609 3670 685 3757 παρὰ
709 3673 836 3732 εύτελῶν
859 3672 908 3731 καὶ
941 3673 1053 3757 ἀγενῶν
1085 3660 1230 3748 ἐνδόξους,
1254 3666 1392 3731 Babrius
1416 3668 1469 3749 96,

122 3779 142 3837 5
167 3803 212 3858 κη,
238 3782 253 3836 ό
277 3781 369 3860 μῦθος
392 3779 484 3861 ύρδιῖις
507 3786 580 3837 ποῖοι
608 3786 694 3837 τοῦτο
726 3775 834 3863 μηνύει·
857 3767 978 3862 (μηδεὶς
1010 3767 1057 3837 διὰ.
1092 3777 1187 3862 καιρόν
1218 3774 1324 3861 ἰσχύων
1347 3797 1376 3836 τι
1399 3796 1471 3860 γαυ·

122 3883 236 3965 ροὺσθω
252 3887 280 3959 ²),
317 3880 422 3964 Enim.
456 3883 643 3967 κατάλληλος
666 3887 681 3943 ό
705 3886 797 3968 μῦθος
826 3891 885 3953 τοῖς
920 3874 966 3943 dd.
995 3885 1160 3967 περίστασιν
1195 3885 1243 3944 καὶ
1272 3883 1365 3944 τόπον
1388 3881 1468 3942 κατά

122 3987 216 4075 τύχην
240 3995 300 4048 τῶν
323 3978 528 4073 δυνατωτέρων
551 3995 812 4073 κατεπαιρομένοις,
838 3988 984 4070 Ignatins
1007 3990 1026 4051 9
1052 3989 1129 4066 (sive
1153 3988 1179 4052 C
1207 3987 1293 4072 139⁰)
1317 3996 1405 4075 καιρῷ
1429 3985 1469 4073 μὴ

121 4094 327 4179 θρασύνεσθαι,
353 4093 379 4159 O
407 4094 482 4158 139⁵
504 4100 520 4158 d
543 4098 635 4181 μῦθος
665 4097 733 4181 πρὸς
763 4096 829 4167 τούς
858 4096 1050 4180 ὑπομένοντας
1080 4095 1156 4182 ὑβριν
1187 4097 1243 4157 ὑπό
1274 4093 1397 4174 ἀναξίων
1422 4099 1470 4155 αν-

122 4202 249 4288 θρώπων
273 4192 432 4289 διὰφόβον
456 4199 643 4290 ὑψηλοτέρων
666 4201 779 4281 (addez
803 4201 923 4282 τόπων).
941 4207 965 4282 ί)

231 4501 248 4562 ¹)
267 4503 357 4554 corais
377 4520 401 4566 p.
422 4501 473 4554 346
492 4519 517 4554 n,
538 4502 555 4551 3
574 4504 615 4550 τού
633 4498 693 4551 θεοῦ
713 4501 752 4551 vol
771 4497 812 4548 τον
829 4497 888 4548 θεον
907 4501 1026 4562 coniecit,
1046 4501 1091 4549 ssd
1118 4499 1214 4548 rectius
1235 4499 1281 4546 τῶν
1299 4495 1364 4547 θεῶν
1383 4514 1470 4547 omen-

126 4592 241 4644 dandum
260 4609 317 4644 essa
336 4600 444 4642 statuas.

230 4680 249 4745 ²)
268 4683 294 4730 M
317 4682 374 4737 170,
395 4678 416 4729 ί)
439 4680 495 4736 148.
516 4683 537 4731 1·“
559 4681 609 4732 1⁶28
628 4682 654 4732 in
675 4681 780 4733 exordio
799 4678 887 4740 Ευλινόν
905 4697 937 4738 τις
956 4680 1045 4746 Ἰἰρμῆν
1063 4680 1202 4742 conspirat.

231 4770 249 4819 ³¹1
269 4772 421 4836 Legendutn
443 4772 558 4822 videtur:
578 4767 615 4819 aa
634 4768 712 4838 καιρόν
731 4766 843 4837 ἰσχύοντα
862 4769 895 4838 με(
915 4787 937 4818 τι
956 4767 1110 4838 γαυροὺσὺαι.

230 4860 249 4928 ⁴)
270 4859 311 4914 Gt.
331 4862 357 4909 in
377 4860 483 4913 fabulae
503 4862 592 4911 initio:
613 4857 681 4928 ἀρνός
700 4856 736 4929 ἐρ’
756 4857 874 4929 ὑψηλοῦ
893 4860 990 4913 τόπον
1007 4857 1136 4930 ίοτύμενος.
