3360 5466
168 320 243 394 [387]
643 347 896 390 uruuomarmuas
919 349 1074 392 associas.
1483 332 1521 399 11

170 538 334 628 ἀληθεύοη,
359 541 467 627 οίκημα
489 539 647 604 κάλλιστον
670 543 719 603 καὶ
742 546 886 629 μετέωρον
909 543 1107 606 κατεσκεύασε
1137 546 1256 606 κάκεῖσε
1284 545 1336 606 τὸν
1366 544 1424 607 uida
1447 550 1522 620 εἰςα-

169 658 274 733 γαγὼν
297 646 472 732 ἐφύλαττεν.
497 645 705 736 Ἐζωγράφησε
730 639 763 710 δέ
787 649 816 710 ἐν
839 658 884 730 τῷ
907 647 1045 736 οἰκήματι
1076 650 1144 738 πρὸς
1174 649 1271 738 τέρψιν
1293 661 1345 714 τοῦ
1369 656 1428 714 υίοῖν
1451 677 1524 715 παν-

169 765 235 816 τοῖα
259 755 331 838 ζῷα,
357 756 386 818 ἐν
408 751 448 828 οἷς
469 749 504 843 ἦν
527 758 577 818 καὶ
599 756 685 819 λέων,
711 753 750 818 Ὀ
773 748 805 819 δὲ
829 766 926 820 ταῠτα
950 763 1022 845 ὁρῶν
1046 760 1165 821 πλείονα
1192 759 1288 847 λύπην
1314 755 1386 847 εἶχε·
1412 761 1460 821 καὶ
1484 750 1520 847 δή

169 884 244 924 ποτε
276 864 397 949 πλησίον
427 871 480 926 τοῦ
510 862 625 936 λέοντος
655 864 728 936 στάς
758 861 845 927 εἶπεν
880 857 912 925 ’ὦ
942 864 1080 927 κάκιστον
1110 861 1228 952 θηρίον]
1262 857 1311 928 διά
1342 864 1374 928 σέ
1397 868 1446 928 καὶ
1469 867 1521 929 τὸν

169 959 262 1056 ψευδῆ
285 969 390 1057 ύνειρον
412 978 466 1032 τοῦ
490 971 560 1056 ἐμοῦ
589 971 698 1058 πατρὸς
729 962 801 1058 τῆδε
828 979 867 1057 τῆ
895 973 971 1051 οἰκία
1002 973 1216 1060 κατεκλείσθην
1245 978 1283 1044 ὡς
1307 974 1336 1035 ἐν
1353 984 1467 1060 φρουρᾷ·
1492 975 1522 1035 τί

168 1101 213 1140 σοι
235 1076 372 1166 τοιῆσιο’;
397 1075 457 1140 Καὶ
480 1078 567 1141 εἰπὼν
592 1079 717 1160 ἐπέβαλε
740 1088 785 1159 τῷ
807 1080 900 1167 τοίχῳ
925 1077 980 1167 τῆν
1003 1089 1085 1165 χεῖρα
1113 1080 1298 1166 ἐκτυφλῶσαι
1328 1080 1381 1142 τὰν
1403 1080 1519 1145 λέοντα.

168 1183 287 1271 Σκύλοψ
311 1176 344 1249 δὲ
366 1195 410 1266 τῷ
434 1176 575 1268 δακτύλῳ
600 1189 689 1249 αὑτοῦ
713 1188 848 1273 ἐμπαρεὶς
871 1186 996 1274 ύγκωμα
1018 1189 1067 1250 καὶ
1083 1185 1247 1275 φλεγμονὴν
1267 1186 1353 1274 μέχρι
1376 1188 1521 1268 βουβῶνος

167 1291 334 1379 εἰργάσατο·
358 1293 478 1380 πυρετὸς
501 1283 534 1356 δὲ
558 1292 756 1381 ἐπιγενόμενος
780 1296 861 1372 αύτῷ
884 1296 1002 1356 θάττον
1024 1303 1077 1356 τοῦ
1110 1295 1170 1374 βίου
1203 1294 1391 1380 μετέστησεν.
1425 1291 1464 1356 ’0
1487 1285 1520 1357 δὲ

167 1399 244 1462 λέων
267 1401 317 1463 καὶ
340 1399 430 1473 οὕτως
453 1399 578 1488 άνῆρηκε
600 1401 652 1463 τὸν
674 1391 766 1464 παῖδα
782 1391 873 1487 μηδὲν
888 1410 933 1481 τῷ
948 1410 1001 1464 τοῦ
1016 1401 1124 1488 πατρὸς
1140 1401 1336 1489 ὠφεληθέντα
1353 1403 1517 1488 σοφίσματι.

277 1503 316 1569 Ὀ
340 1509 433 1594 μῦθος
456 1496 548 1594 δηλοῖ,
573 1508 618 1570 ὅτι
641 1498 731 1581 οὐδεὶς
753 1498 874 1570 δύναται
897 1509 932 1571 τὰ
955 1508 1062 1596 μέλλον
1083 1510 1228 1596 ἐκφυγεῖν.

277 1615 383 1695 Quam
406 1614 555 1679 fabellam
580 1637 643 1678 nou
667 1617 734 1679 sine
766 1617 920 1679 varietate
950 1616 1127 1702 scripturae
1158 1625 1306 1701 repetunt
1336 1613 1428 1678 Bodl.
1457 1617 1520 1682 135

167 1737 200 1787 et
224 1723 252 1786 F
278 1723 357 1786 187:
381 1721 473 1808 γέρων
496 1713 590 1796 δειλὸς
612 1730 753 1811 μονογενῆ
777 1724 865 1810 ἔχων]
890 1732 1031 1811 μονογενῆ
1054 1724 1146 1810 γέρων
1162 1714 1254 1796 δειλὸς
1278 1729 1355 1811 ἔχων
1380 1723 1416 1802 Β,
1441 1729 1520 1812 ἔχων

165 1837 309 1918 μονογενῆ
340 1831 503 1918 (μονογεννῆ
536 1829 629 1911 cod.)
661 1831 717 1915 Ε]
734 1830 875 1918 γενναῖον]
906 1823 1031 1920 ἀνδρεῖον
1060 1830 1276 1919 θ’]κυνηγεῖν]
1308 1832 1358 1893 καὶ
1386 1840 1520 1919 κυνηγεῖν

166 1937 219 2001 Bi
235 1947 369 2025 κυνηγεῖν
400 1937 545 2025 ἐφιέμενον
576 1960 637 2002 om.
662 1939 715 2016 Fi
730 1929 788 2002 εἶδε
812 1929 868 2020 (ἴδε
893 1937 929 2023 Ο,
955 1960 1033 2002 σοιν.
1067 1937 1214 2003 Halmius
1249 1961 1276 2000 u.
1301 1940 1390 2016 349¹)
1413 1947 1519 2000 τοῦτον

165 2044 239 2107 καθ’
262 2045 376 2128 ύπνους]
400 2053 506 2107 τοῦτον
529 2042 601 2108 καθ’
631 2045 733 2119 ύπνους
765 2036 837 2109 εἶδεν
869 2046 906 2129 Β,
939 2037 997 2109 εἶδε
1027 2043 1099 2110 καθ’
1130 2046 1217 2108 ύπνον
1240 2046 1268 2109 F
1284 2048 1287 2103 l
1309 2044 1516 2133 ἁναλωθέντα]

165 2151 386 2214 θανατωθένπα
411 2151 447 2234 Β,
472 2151 609 2240 θνῄσκειν
633 2151 686 2216 Fl
702 2154 843 2241 φοβηθείς
866 2143 910 2239 δὲ]
932 2143 997 2216 dds
1020 2154 1160 2239 φοβηθεὶς
1183 2154 1235 2216 Fl
1251 2152 1353 2241 μήπως
1376 2158 1391 2216 ὁ
1415 2153 1517 2241 ὄνειρος

165 2258 322 2346 ἀληθεύση
347 2257 499 2347 (ἀληθεύει
523 2269 597 2323 ante
621 2256 761 2346 Corainll
787 2257 825 2346 μὴ
849 2260 924 2345 ύτιαρ
949 2265 1070 2347 γένηται
1093 2262 1143 2322 καὶ
1167 2259 1318 2347 αἰληθεύση
1343 2261 1521 2346 (ἀληθεύσει

165 2365 257 2447 cod.)
279 2366 382 2452 ύνειρος
415 2364 447 2447 (l.
471 2371 487 2429 ὁ
509 2366 620 2452 ύνειρος)
643 2366 682 2451 Β,
707 2365 807 2455 μήπως
837 2368 941 2454 τσύναρ
972 2367 1124 2454 άληθεύση
1150 2366 1202 2434 Fl
1217 2366 1375 2429 κάλλιστον
1394 2369 1443 2429 καὶ
1467 2390 1518 2453 με·

164 2473 285 2560 τέωρον]
310 2473 429 2560 τερπνὸν
453 2473 499 2554 Ρ]
520 2474 718 2537 κατεσκεύασε
749 2471 878 2560 κάκεῖσε]
911 2473 1133 2546 κατασκευάσας
1165 2474 1256 2537 ἐκεῖσε
1280 2473 1335 2548 ΒΙΙ
1353 2475 1516 2561 εἰςαγαγὼν

165 2580 341 2663 ἐφύλαττεν]
372 2580 580 2668 παρεφύλαττε
611 2581 668 2655 Β]
687 2582 716 2644 ἐν
746 2590 791 2660 τῷ
822 2579 960 2666 οἰκήματι
993 2617 1033 2626 -
1059 2581 1132 2664 ζῷα]
1165 2581 1214 2642 καὶ
1243 2581 1279 2642 τύ
1310 2585 1418 2668 οἴκημα
1448 2584 1517 2668 πρὸς

163 2684 263 2774 τέρψιν
292 2688 436 2759 παντοίοις
466 2687 547 2772 ζῴοις
578 2687 605 2750 Β
632 2696 641 2762 ΙΙ
666 2687 864 2751 κατεσκεύασε
895 2726 939 2734 -
970 2687 1043 2771 ζῷα]
1077 2686 1296 2760 κατασκευάσας
1327 2687 1516 2776 ἐζωγράφησε

163 2795 233 2868 τούς
254 2796 369 2882 τοίχους
391 2795 459 2883 πρὸς
482 2794 535 2883 τῆν
557 2791 655 2881 τέρψιν
679 2796 761 2878 ζῴοις
782 2797 926 2868 παντοίοις
954 2795 1058 2867 αὐτοὺς
1089 2795 1312 2880 ἐγκαλλωπίσας
1336 2795 1363 2857 F
1382 2803 1391 2870 ΙΙ
1409 2788 1444 2881 ἦν
1468 2797 1517 2857 καὶ

163 2902 251 2984 λέων]
283 2903 333 2963 καὶ
385 2908 439 2964 ἐων
470 2901 628 2990 ἐμορφώθη
661 2903 705 2988 Β,
737 2905 786 2964 καὶ
816 2902 891 2966 λέων
922 2901 1115 2989 ἀνεμορφώθη
1146 2900 1184 2982 F,
1226 2900 1278 2964 ubi
1314 2901 1514 2990 άπεμορφώθη

164 3009 293 3094 scripsit
323 3007 473 3073 Halmius
505 3031 534 3071 n.
567 3009 655 3094 3492
687 3008 835 3095 equidem
869 3008 1003 3095 simplex
1036 3007 1170 3072 verbum
1204 3007 1419 3093 reponendum
1445 3030 1515 3072 esse

163 3137 279 3180 censeo
297 3125 308 3191 ΙΙ
325 3117 407 3203 ύμῖν]
432 3118 546 3202 μᾶλλον
568 3121 640 3202 ὁρῶν
663 3115 691 3179 Β
710 3125 720 3191 u
739 3118 858 3179 πλείονα
881 3113 987 3204 λύτην]
1010 3117 1102 3178 πλείω
1125 3113 1180 3202 τήν
1195 3114 1291 3201 λύπην
1315 3116 1342 3178 Β
1360 3124 1369 3190 ΙΙ
1387 3120 1402 3177 ὁ
1426 3105 1458 3178 δὲ
1471 3153 1514 3161 -

163 3220 237 3310 εἶχε]
262 3228 302 3295 ὡς
333 3216 382 3285 σύν
411 3222 486 3308 ἐώρα
516 3223 567 3285 τὸν
597 3224 704 3286 λέοντα
727 3228 742 3286 d
765 3224 834 3302 νέος,
867 3226 980 3311 μᾶλλον
1002 3232 1140 3310 κατεῖχεν
1164 3223 1252 3285 αύτύν
1275 3226 1293 3310 η
1317 3221 1395 3308 λύπη
1426 3227 1516 3285 πλέον

163 3331 222 3403 Fu
239 3326 325 3413 εἶπεν]
350 3325 412 3392 εἷπε
434 3330 514 3414 (post
537 3331 648 3416 θηρίον)
673 3331 699 3392 B
717 3339 726 3404 Ι]
746 3327 930 3413 καὶ-εἷπεν]
952 3329 981 3402 ὃς
1004 3328 1155 3416 ἱστάμενος
1178 3338 1230 3391 τοῦ
1253 3327 1368 3401 λέοντος
1395 3329 1515 3415 πλησίον

162 3437 261 3518 τούτῳ
281 3446 427 3524 προςεῖπεν
450 3437 478 3500 F
497 3444 506 3511 ψ
526 3427 627 3526 ψευδῆ]
652 3433 779 3524 ψεύστην
803 3437 830 3500 Β
848 3447 857 3512 ΙΙ
876 3427 949 3524 τῇδε
960 3475 1001 3483 -·
1015 3437 1132 3525 φρουρᾷ]
1157 3438 1305 3523 γυναικεία
1329 3437 1514 3524 ἐνεκλείσθην

162 3555 271 3631 φρουρᾷ
295 3533 416 3617 Β11διά
440 3544 634 3632 σέ-φρσυρᾷ]
666 3534 714 3606 διαὶ
744 3543 780 3606 τὰ
804 3545 870 3628 ὄναρ
893 3544 928 3606 τὰ
954 3533 1054 3629 ψευδὲς
1084 3551 1138 3604 τοῦ
1170 3542 1278 3628 πατρίς
1301 3566 1365 3629 μου,
1389 3541 1405 3604 t
1430 3543 1515 3615 αύτύς

141 3636 291 3737 Ιιέώραιιεν
315 3651 344 3713 ἐν
367 3654 462 3723 ίιπνοις
484 3649 590 3737 μάτην,
614 3651 897 3737 προςκατεκλείσθην
930 3651 1191 3736 (προςκατεκλείθη
1224 3647 1322 3731 (lud,
1353 3671 1513 3736 προςκατε-

162 3760 287 3832 κλείθην
311 3757 438 3839 Furia3'
452 3778 533 3821 corr.
557 3755 591 3822 C.
611 3757 647 3820 Ε.
672 3756 745 3822 Chr.
771 3755 958 3835 Schneider)
982 3767 1089 3844 φρουρᾷ
1113 3765 1149 3843 τῆ
1173 3759 1320 3843 γυναικείη
1345 3756 1447 3831 Fls
1470 3780 1515 3819 σοι

162 3861 287 3952 ποιήσω]
306 3859 339 3925 al!
356 3866 385 3925 τί
402 3854 434 3926 δέ
450 3888 495 3927 σοι
511 3864 571 3952 ἐγὼ
588 3869 650 3952 α’ίρτι
665 3862 775 3950 ποιήσω
797 3865 824 3927 F
842 3864 852 3948 ψ
869 3873 914 3945 τῷ
934 3866 1027 3951 τοίχῳ
1043 3862 1098 3949 τἠν
1114 3864 1208 3946 χεῖρα]
1224 3862 1280 3950 τἠν
1296 3873 1378 3951 χεῖρα
1395 3873 1439 3944 τῷ
1454 3866 1515 3926 τοί-

164 3997 213 4061 χῳ
231 3972 257 4035 Β
294 3973 490 4059 ἐκτυφλῶσαι]
508 3977 545 4043 ὡς
561 3971 723 4058 τυφλώσων
740 3971 865 4035 Brecte
876 3973 885 4051 ψ
895 3973 944 4033 καὶ
955 4007 987 4018 -
998 3969 1117 4058 λέοντα]
1134 3981 1230 4033 ταῦτα
1249 3974 1338 4033 αὐτοῦ
1354 3981 1399 4051 τῷ
1418 3975 1514 4034 λέοντι

164 4078 294 4152 εἰπύντος
317 4077 480 4159 ύπεξέτεινε
503 4077 557 4165 τῆν
580 4089 662 4166 χεῖρα
690 4079 745 4140 ύπὸ
770 4078 862 4159 βάτου
885 4088 938 4140 τοῦ
969 4080 1069 4158 λαβεῖν
1100 4069 1224 4150 κλάδους
1254 4079 1303 4139 καὶ
1334 4079 1383 4140 τὸν
1405 4078 1511 4141 λέοντα

162 4197 269 4249 καῦσαι
292 4187 330 4268 F,
356 4185 410 4251 ubi
436 4183 596 4264 ἐπεξέτεινε
619 4184 673 4272 τῆν
696 4196 777 4271 χεῖρα
802 4187 847 4248 ἐπὶ
871 4183 961 4268 βάτον
978 4187 1057 4249 citra
1081 4185 1299 4248 necessitatem
1323 4206 1396 4246 cum
1420 4183 1514 4248 Corsi

160 4294 205 4377 (p.
231 4295 296 4358 394
320 4316 349 4358 n.
377 4295 405 4372 l)
429 4292 527 4357 edidit
552 4291 699 4356 Halmius
723 4314 826 4377 neque
850 4291 884 4357 C.
910 4292 947 4355 E.
974 4293 1047 4356 Cur.
1073 4290 1258 4357 Sulmeideri
1287 4289 1513 4355 ‘emendatione

160 4400 219 4462 ὑπὸ
242 4401 331 4481 βάτον
354 4421 434 4484 opus
458 4409 513 4463 est.
548 4399 598 4462 De
622 4409 765 4462 extrema
790 4421 866 4463 voce
891 4398 969 4462 haec
993 4398 1124 4463 adnotat
1148 4398 1245 4461 Furia
1271 4422 1298 4482 p.
1325 4399 1384 4463 64:
1421 4422 1511 4480 „ver-

160 4507 237 4571 bum
264 4505 323 4571 hoc
348 4507 379 4569 iu
404 4507 521 4572 Codice
539 4506 617 4569 adeo
642 4516 800 4570 vetustate
818 4506 986 4591 intercidit
1011 4519 1045 4569 ut
1062 4509 1117 4568 vix
1134 4505 1240 4591 aliqua
1264 4507 1339 4569 satis
1363 4507 1512 4571 distincta

158 4612 255 4678 lectio
279 4612 398 4677 adstrui
424 4617 529 4699 possit.
555 4613 702 4677 Incertus
726 4615 857 4695 haereo,
891 4637 931 4677 un
964 4612 1132 4697 legendum
1158 4615 1197 4675 sit
1225 4617 1349 4691 κλάσαι,
1383 4624 1510 4698 κροῦσαι,

158 4719 250 4808 τύψαι
274 4719 320 4784 rol
346 4720 422 4806 quid
448 4718 567 4804 simile,
600 4721 685 4806 quod
718 4744 821 4784 serino
853 4720 979 4806 quidem
1014 4718 1172 4805 postulare
1204 4719 1364 4796 videtur“;
1397 4731 1512 4809 κροῦσαι

157 4829 256 4894 Corsi
279 4842 452 4913 praecunte
477 4832 518 4912 (p.
544 4831 609 4892 394
634 4852 662 4890 ιι.
691 4830 721 4908 2]
747 4842 832 4892 recte
849 4830 973 4914 scripsit
996 4827 1144 4890 Halmius
1162 4837 1171 4901 ΙΙ
1189 4838 1234 4908 τῷ
1258 4818 1396 4909 δακτύλῳ
1421 4833 1511 4891 αύτοῦ
