3360 5466
141 290 210 359 [417]
624 289 878 359 mooomfflouus
901 312 1056 357 Ausomu.
1449 294 1489 359 41

251 506 325 584 199)
349 504 382 567 Μ
407 505 488 569 204:
512 510 528 567 6
551 505 637 593 λόγος
660 495 753 592 δηλοῖ,
777 505 823 567 ότι
845 510 863 593 η
887 509 946 567 τιῖιν
970 495 1060 591 μηδὲν
1083 505 1283 592 προςηκόντων
1315 506 1487 592 ἐπιχείρησις

141 614 170 672 ού
186 611 272 698 μόνον
296 613 465 700 ἀσύμφορος,
490 613 569 674 ἀλλα
592 614 641 674 καὶ
665 610 825 699 ἐπιβλαβης
849 613 926 674 ἐστιν
949 612 1036 674 018
1061 612 1137 693 162;
1162 611 1188 676 O
1211 613 1306 693 309²;
1336 610 1489 699 Syntipas

140 720 184 781 46
209 719 288 797 (sivo
313 717 338 782 O
363 719 474 802 309“);
502 717 589 781 Bodl.
615 719 671 783 93:
694 724 709 781 6
732 719 829 807 λόγος]
854 719 928 791 όλως
951 718 996 798 F3
1021 739 1102 781 corr.
1129 716 1239 781 Corais
1255 740 1285 803 p.
1312 719 1377 783 402
1402 740 1433 780 n.
1452 719 1489 797 23

141 825 178 887 uf.
198 848 227 909 p.
245 827 308 888 407
326 848 357 888 n.
376 828 396 890 5
414 847 510 911 supra
528 834 538 901 ι)
556 830 571 888 6
587 825 673 913 λόγος
689 816 785 912 δηλοῖ)
809 847 871 889 om.
890 823 992 906 Bodl.,
1008 829 1023 887 6
1039 827 1132 910 μῦθος
1155 815 1279 911 δηλοῖΟ
1297 824 1466 909 utrobique

141 936 236 1017 ητιῖν
259 923 348 1019 μηδὲν
371 933 572 1020 προςηκόντων
596 933 777 1021 ἐπιχείρησις)
808 938 898 1009 <ύ>
927 933 963 994 τό
993 930 1033 1019 μη
1057 940 1197 1019 προςῆκον
1228 936 1311 1012 αύτῷ
1336 934 1490 1020 ἐπιχειρῶν

141 1037 163 1102 U
192 1040 271 1103 399·
289 1049 298 1112 ΙΙ
316 1040 463 1122 ότι-ἐστιν)
487 1045 525 1111 ὡς
548 1044 573 1102 οἱ
595 1039 634 1101 ταὶ
658 1039 728 1127 ύπέρ
752 1040 855 1112 αύτούς
878 1041 1030 1126 μιμεῖσθαι
1060 1039 1227 1125 πειρώμενοι
1258 1043 1369 1112 ἑαυτοῖς
1393 1042 1489 1102 ἐντεῦ-

140 1147 196 1207 θεν
221 1144 360 1233 ἐπάγουσι
383 1137 510 1208 κίνδυνον
536 1146 561 1209 O
586 1147 675 1225 3096,
707 1147 753 1208 ότι
776 1136 892 1233 μηδείς,
916 1145 932 1207 6
955 1143 994 1232 μὴ
1019 1148 1115 1233 ἔμαθε
1139 1136 1215 1233 μηδὲ
1239 1147 1273 1209 ἐκ
1296 1148 1392 1232 πείρας
1416 1152 1488 1234 ἐχει,

141 1252 267 1338 πειράτω
290 1262 389 1316 ποιεῖν·
414 1254 464 1315 σύν
487 1261 525 1340 τη
550 1255 665 1339 ἀπειρία
687 1253 741 1340 γὰρ
765 1255 814 1314 καὶ
837 1252 928 1314 κακόν
950 1276 980 1314 τι
1002 1249 1200 1340 προςλήψεται
1224 1251 1312 1317 Bodl.

246 1378 322 1457 216)
345 1377 380 1440 M
405 1379 486 1441 226:
511 1383 527 1439 6
549 1379 636 1464 λόγος
660 1368 752 1465 δηλοῖ,
777 1378 823 1439 ότι
845 1381 879 1440 ού
904 1379 1039 1464 μεμπτοί,
1064 1377 1123 1439 ὅσοι
1145 1366 1307 1464 προειδότες
1330 1375 1398 1449 τοὺς
1421 1376 1492 1462 μέλ-

141 1488 243 1557 λοντας
264 1475 416 1564 κινδύνους,
441 1487 505 1572 πρὶν
528 1487 645 1562 παθεῖν,
680 1484 887 1571 φυλάττονται.
919 1483 1024 1548 Aliter
1047 1482 1073 1547 O
1098 1485 1152 1568 53,
1176 1483 1205 1546 F
1233 1486 1304 1563 183,
1338 1483 1490 1570 Syutipas

141 1595 180 1656 53
206 1593 281 1674 (sive
305 1591 331 1656 C
355 1616 382 1678 p.
408 1594 501 1672 309):
526 1597 541 1655 6
564 1593 651 1680 λόγος
674 1583 766 1679 δηλοῖ,
791 1593 847 1676 ὅτι)
870 1592 945 1664 όλως
969 1592 1061 1675 (corr.
1086 1589 1197 1654 Coruis
1222 1614 1249 1675 p.
1267 1592 1332 1655 308
1356 1612 1387 1653 n.
1413 1588 1491 1670 2ο1Ι

141 1720 167 1783 p.
182 1700 287 1762 40711.
302 1704 321 1763 ι’)
335 1703 442 1784 supra)
457 1689 549 1786 δηλοῖ,
567 1700 612 1760 ότι
626 1699 663 1778 F,
680 1705 695 1761 6
709 1702 803 1784 μῦθος
819 1689 912 1786 δηλοῖ,
928 1700 974 1760 ὅτι
989 1699 1025 1777 C,
1042 1702 1057 1759 6
1074 1700 1166 1783 μῦθος
1183 1687 1277 1784 δηλοῖ,
1294 1702 1331 1770 ὡς
1350 1697 1472 1782 Syntip.
1482 1701 1490 1781 ’γ

141 1805 397 1892 ού-φυλαίττονται)
420 1809 486 1876 τοὺς
510 1807 656 1893 ἄρχοντας
679 1811 713 1868 ού
736 1797 785 1868 διὰ
808 1810 917 1879 καλλος
939 1806 1032 1894 μόνον,
1058 1805 1209 1868 ἀλλὰκαὶ
1233 1805 1330 1892 ρἰόμην
1353 1807 1402 1867 καὶ
1425 1803 1491 1892 φρό·

141 1936 215 1999 νησιν
238 1913 415 2001 ἐκλέγεσθαι
438 1905 481 1977 δεῖ
504 1914 540 1999 Ο,
566 1916 610 1977 αἰεὶ
632 1916 699 1987 τούς
723 1905 867 1987 δυνάστας
890 1913 929 2002 μὴ
954 1911 1076 1991 κάλλει,
1110 1913 1190 1976 ἀλλὰ
1213 1911 1343 2001 φρονησει
1366 1913 1415 1974 καὶ
1439 1903 1489 1974 δυ-

141 2026 219 2106 νέμει
241 2010 288 2083 δεῖ
307 2023 481 2107 κοσμεῖσθαι
504 2021 541 2100 F,
566 2022 602 2083 τό
618 2021 776 2102 βασιλεύειν
792 2023 824 2082 ού
846 2030 905 2093 τοῖς
935 2029 980 2100 τῷ
1004 2020 1109 2082 κάλλει
1132 2008 1358 2107 φαιδρυνομένοις
1381 2018 1490 2106 ἁρμότ-

141 2148 190 2205 τει,
216 2128 294 2189 ἀλλὰ
318 2137 376 2201 τοῖς
398 2128 555 2215 ρ’ωμαλέοις
578 2129 628 2190 καί
651 2129 679 2191 ἐν
703 2127 884 2216 γενναιότητι
906 2117 1107 2213 διαπρέπουσιν
1131 2126 1257 2213 Syntip.

246 2252 283 2314 N.
315 2253 375 2316 231
407 2254 440 2316 iu
472 2254 503 2317 M
536 2253 639 2335 deest3
672 2265 781 2339 aptam
811 2251 1069 2316 affabulatiouom
1102 2251 1285 2335 suppeditat
1316 2252 1344 2316 F
1372 2253 1447 2316 196:
1474 2255 1490 2312 6

141 2362 231 2446 μῦθος
253 2350 346 2446 δηλοῖ,
370 2360 416 2421 ότι
438 2365 454 2422 6
477 2363 566 2433 κακός
589 2364 622 2422 ού
652 2368 753 2448 πρέπει
781 2361 957 2447 ἐλεηθῆναι,
990 2357 1046 2421 κόιν
1077 2365 1169 2446 μέγας
1196 2353 1214 2446 ᾖ
1243 2357 1298 2422 κόιν
1323 2359 1420 2446 μικρός
1444 2356 1487 2422 ef.

140 2464 269 2550 insuper
292 2467 318 2526 (3
343 2467 406 2529 292
430 2468 475 2528 ὅτι
498 2477 582 2545 κακῷ
605 2471 637 2529 ού
661 2467 762 2553 πρέπει
786 2468 955 2554 ἐλεηὲῆναι,
980 2464 1035 2528 κᾶν
1059 2465 1151 2554 μέγας
1177 2460 1196 2553 ᾖ
1225 2464 1281 2529 κᾶν
1306 2466 1409 2554 μικρός,
1433 2465 1488 2528 ubi

141 2571 267 2636 dativus
291 2584 375 2653 κακῷ
399 2574 603 2654 commodior,
627 2596 686 2638 neo
703 2585 809 2638 tamen
835 2576 1031 2638 necessarius
1055 2582 1102 2637 est
1118 2571 1159 2636 cf.
1179 2573 1350 2658 Sophocles
1368 2572 1486 2636 Electr.

142 2681 228 2745 1254
252 2704 296 2766 sq.
319 2686 334 2744 6
356 2665 413 2754 ποῖς
437 2679 471 2743 ἂν
494 2690 597 2769 πρέποι
627 2683 725 2770 παρὼν
757 2683 879 2745 ἐννέπειν
900 2683 904 2767 )
925 2672 998 2743 τάδε
1030 2673 1099 2761 δίκα
1126 2680 1243 2768 χρόνος,
1276 2682 1390 2763 fragm.
1423 2680 1488 2743 285

141 2786 235 2873 [quod
261 2788 443 2873 exemplum
475 2789 536 2852 huc
568 2788 759 2852 trahendum
790 2810 858 2852 osse
884 2787 1020 2865 videtur)
1044 2786 1144 2875 ύξηρύν
1169 2793 1258 2875 ἄγγος
1282 2792 1315 2848 ού
1338 2791 1489 2875 μελισοού-

141 2897 208 2957 σθαι
230 2895 342 2981 πρέπει,
362 2931 401 2941 ·-
426 2898 462 2958 ί).
487 2897 523 2959 R.
550 2898 570 2960 9
594 2919 637 2980 sq.
663 2897 724 2958 ἐπεὶ
746 2896 862 2983 πρέπων
886 2901 952 2981 ἐφυς
973 2895 977 2978 )
997 2895 1052 2982 πρό
1079 2883 1171 2956 τωνδε
1195 2904 1314 2981 φωνεῖν,
1347 2892 1385 2957 fr.
1412 2893 1487 2975 592,

141 3002 157 3064 2
182 3002 340 3089 σιγώμενος
363 3004 419 3089 γάρ
443 3004 504 3065 ἐστι
527 3005 700 3090 θρηνεῖσθαι
723 3003 849 3090 πρέπων,
876 3000 1064 3065 Plutarchus
1089 3000 1153 3063 Vit.
1181 2999 1359 3085 Poplicolae
1386 2999 1486 3064 XVII

141 3111 156 3172 7
182 3132 212 3194 p.
244 3112 302 3173 106
328 3109 360 3172 Ι)
383 3114 435 3172 ούκ
460 3113 593 3197 ἄχθομαι
615 3119 653 3198 τη
676 3110 758 3198 τύχη
784 3100 951 3196 διαμαρτὼν
974 3099 1073 3196 ἀνδρός
1090 3111 1209 3196 ἀγαθοῦ
1233 3110 1282 3170 καὶ
1305 3110 1388 3195 φίλου
1411 3110 1488 3194 μᾶλ-

141 3220 187 3279 λον
210 3214 229 3304 ἡ
251 3219 391 3302 πολεμίου
416 3215 566 3304 Ῥωμαίοις
590 3214 660 3280 εἶναι
683 3219 847 3305 πρέποντος.
874 3215 1017 3280 Accedat
1048 3217 1088 3279 R.
1119 3215 1284 3298 Kuehner‚
1316 3211 1489 3278 uusfiihrli-

141 3323 194 3388 ohe
219 3323 425 3389 Grammatik
449 3324 477 3387 d.
503 3325 622 3405 grieeh.
649 3323 790 3410 Spraohe
814 3323 875 3387 vol.
901 3323 935 3388 II
960 3323 979 3386 2
1006 3347 1034 3408 p.
1060 3324 1136 3388 599.

245 3448 412 3511 Praeterea
436 3449 540 3511 minus
565 3448 669 3534 placet
692 3448 858 3535 opimythii
883 3447 1018 3531 initium,
1043 3469 1062 3510 a
1085 3448 1120 3510 M
1144 3446 1238 3532 plano
1273 3446 1430 3527 alienum,
1456 3446 1488 3508 in

141 3554 167 3618 A
199 3555 253 3616 vix
286 3563 436 3639 quattuor
466 3555 542 3618 locis
574 3555 703 3620 obvium
736 3553 778 3641 [n.
816 3557 876 3619 158
907 3555 966 3617 ὅτι
998 3554 1034 3616 τό
1065 3555 1156 3616 καλόν
1184 3556 1238 3617 οὐκ
1262 3555 1290 3616 ἐν
1312 3551 1423 3638 πλήθει
1446 3542 1492 3615 δεῖ

141 3671 265 3748 μετρεῖν,
298 3663 377 3724 όιλλοὶ
407 3664 476 3744 πρὸς
515 3661 620 3750 ἀρετὴν
653 3668 763 3750 όιφοραῖν
778 3666 819 3741 1),
853 3663 916 3725 219
948 3663 963 3724 ό
971 3685 1004 3723 τι
1035 3672 1168 3747 κρεῖττον
1198 3662 1390 3747 περίβλεπτον
1421 3657 1489 3722 εἷναί

141 3790 200 3830 τινα
230 3771 333 3845 <ἐν>
363 3781 484 3856 πενιχρᾷ
507 3771 613 3858 ἐσθητι
635 3766 653 3857 1η
678 3770 729 3856 ζῆν
754 3759 864 3849 ἀδόξως
887 3772 916 3831 ἐν
938 3768 1058 3849 πλούτῳ
1074 3769 1268 3856 γαυρούμενον
1283 3772 1317 3853 1),
1343 3767 1407 3831 229
1431 3767 1489 3828 ὅτι

141 3878 241 3938 πολλοὶ
264 3877 292 3938 ἐν
316 3879 494 3962 φιλονεικίαις
516 3879 574 3939 τῶν
598 3877 814 3964 φρονιμωτέρων
830 3875 1062 3962 παρακούσαντες
1085 3877 1203 3948 ἑαυτοὺς
1221 3871 1351 3962 έβλαψαν
1366 3875 1398 3958 3),
1423 3873 1489 3937 230

141 4104 390 4112 b—-ss---
396 4108 446 4115 .,,..

246 4245 264 4309 1)
282 4247 376 4296 Melius
397 4248 417 4296 C
437 4246 488 4296 215
515 4241 527 4296 ό
549 4245 643 4317 λόγος
666 4243 769 4312 δηλοῖ,
795 4240 842 4295 ότι
867 4244 893 4295 τό
920 4242 992 4296 καλόν
1010 4248 1053 4295 οὐκ
1072 4241 1094 4293 ἐν
1114 4242 1214 4309 πλήθει,
1241 4240 1297 4292 ἀλλ’
1325 4239 1395 4312 αἰρετῇ
1414 4241 1482 4292 otu

141 4334 187 4387 196
216 4328 229 4384 ό
261 4333 362 4402 μῦθος
390 4333 494 4400 δηλοῖ,
525 4332 570 4385 ότι
598 4334 624 4385 τό
653 4333 726 4387 καλόν
754 4335 796 4386 οὐκ
824 4332 847 4384 ἐν
875 4333 977 4400 πλήθει,
1005 4332 1060 4383 ἀλλ’
1088 4331 1113 4383 ἐν
1139 4330 1217 4402 ἀρετῇ.
1243 4334 1327 4383 Aliter
1347 4333 1367 4382 F
1389 4330 1439 4383 189
1459 4338 1485 4380 et

141 4424 214 4474 Bodl.
237 4423 294 4475 142.

244 4528 263 4597 ²)
285 4534 326 4584 Cf.
346 4533 367 4581 F
386 4530 438 4582 376
458 4543 484 4582 et
504 4533 576 4582 Bodl.
595 4531 643 4595 473
664 4534 741 4583 alitor
760 4534 871 4584 Babrius
890 4531 932 4594 65,
953 4532 969 4584 7
989 4549 1027 4597 sq.

244 4637 265 4694 ³)
285 4640 370 4688 Verba
389 4635 402 4688 ύ
421 4637 499 4706 μῦθος
518 4638 586 4704 δηλοῖ
605 4642 749 4705 praemittit
774 4645 794 4692 C
819 4640 885 4705 61·;
911 4641 978 4691 adde
1002 4643 1024 4691 F
1047 4639 1095 4691 193
1115 4635 1128 4688 6
1147 4634 1224 4706 μῦθος
1243 4634 1321 4700 δηλοῖ,
1342 4631 1377 4683 ότι
1396 4631 1485 4684 πολλοὶ

141 4727 182 4774 τῶν
200 4721 335 4793 ἀνθρώπων
354 4725 376 4776 ἐν
395 4730 443 4786 ταῖς
463 4726 606 4796 φιλονεικίαις
625 4731 672 4778 τῶν
691 4729 870 4798 φρονιμωτέρων
889 4730 966 4779 αύτῶν
984 4727 1171 4797 παρακούσαντες
1190 4721 1287 4784 ἑαυτούς
1305 4719 1489 4790 καταβλάπτου-

141 4831 177 4868 τιν,
198 4817 281 4865 Aliter
302 4817 420 4882 lguutius
440 4819 475 4868 ou
494 4820 562 4883 (sivo
582 4820 601 4868 Ο
621 4819 669 4870 611)
683 4821 699 4883 ),

1296 4903 1312 4957 6
