3360 5466
164 340 234 412 [⁴⁰5]
635 366 888 408 nnucmnnonns
910 367 1067 409 κυεοευιπ.
1473 342 1516 410 29

162 555 336 620 ooniuneta
365 577 469 641 neque
501 555 679 619 testimonia
715 555 862 621 infinitivi
894 555 977 645 οίνῆ
1008 559 1153 641 suspensi
1187 555 1304 621 desunt
1327 555 1368 621 cf.
1395 555 1515 620 Homo·

161 686 213 726 rus
238 662 276 726 Il.
305 665 354 743 16,
378 664 443 727 322
466 667 545 751 ἔφθη
569 661 746 752 ὀρεξάμενος,
771 667 856 751 πρὶν
880 669 1065 743 οὐτάσαι,
1090 662 1300 751 Thucydides
1330 663 1388 744 lv,
1414 666 1468 748 67,
1492 668 1514 729 4

161 772 327 858 βουλόμενοι
349 771 472 858 φθάσαι,
505 775 589 860 πρὶν
621 771 899 861 ξυγκληθῆναι
922 774 1011 837 πάλιν
1034 774 1089 846 τάς
1115 773 1218 853 πύλας,
1243 771 1289 835 VI
1314 775 1367 855 97,
1393 773 1413 837 2
1437 770 1515 861 φθά-

161 901 199 940 νει
232 878 341 958 άναβάς
372 879 452 941 κατά
479 880 529 941 τὸν
562 878 719 967 Εὐρύηλον,
753 882 836 966 πρὶν
867 881 933 953 τοὺς
965 878 1155 968 Συρακοσίους
1185 880 1373 966 αἰσθομένους
1406 879 1439 942 ἐκ
1462 888 1514 942 τοῦ

162 989 299 1072 λειμῶνος
322 987 372 1047 καὶ
393 993 447 1073 τῆς
471 986 627 1058 ἔέτάσειυς
650 988 965 1074 παραγενέσθαι,
991 987 1055 1051 VII
1082 989 1228 1074 36,1τῆ
1247 990 1322 1074 άλλη
1345 994 1513 1074 παρασκευῇ

160 1102 211 1155 τοῦ
242 1092 349 1177 πεζοῦ,
381 1092 469 1180 ῆνπερ
493 1093 537 1156 ἐπ’
561 1096 632 1157 αιἀτδ
663 1104 752 1158 τοῦτο
783 1097 869 1183 πρὶν
900 1096 1037 1158 ἐλθεῖν
1067 1094 1170 1168 αὐτοὺς
1204 1092 1318 1181 φθάσαι
1348 1093 1516 1181 βουλόμενοι

162 1197 324 1287 ξυνέλεγον,
349 1198 529 1285 Xenophon
553 1199 672 1288 Cyrop.
698 1200 732 1266 ΙΙ
755 1205 786 1283 4,
812 1202 854 1266 25
876 1201 997 1288 φθάνειν
1021 1192 1067 1265 δεῖ
1080 1207 1296 1289 πεφραγμένους
1311 1200 1379 1274 τοὺς
1400 1200 1511 1289 πόρους,

160 1309 243 1392 πρὶν
265 1310 467 1369 κινεῖσθαι
497 1306 553 1395 τῆν
576 1307 683 1395 θήραν,
708 1307 759 1372 ΙΙΙ
785 1310 819 1392 2,
845 1312 865 1372 4
889 1307 923 1395 ῆν
945 1309 1002 1394 γάρ
1027 1308 1201 1395 φθάσωμεν,
1226 1311 1314 1396 πρὶν
1337 1309 1403 1379 τοὺς
1426 1311 1515 1370 πολε·

161 1417 242 1500 μίους
264 1416 519 1502 συλλεγῆναι,
549 1415 718 1496 ἀναβάντες,
744 1413 787 1477 IV
818 1419 844 1491 1,
870 1416 890 1478 3
915 1417 1043 1501 ἔφθασεν
1067 1413 1124 1494 ἔξω
1142 1416 1238 1495 βελῶν
1253 1413 1309 1501 τῆν
1324 1412 1410 1494 τάξιν
1433 1412 1515 1501 ποιῆ-

160 1544 222 1604 σας,
246 1522 329 1608 πρὶν
350 1522 418 1593 τοὺς
440 1524 593 1608 πολεμίους
619 1531 871 1609 κατανοῆσαι,
898 1523 927 1585 V
951 1525 983 1606 4,
1009 1524 1051 1584 33
1075 1515 1118 1609 ἄρ’
1141 1515 1200 1599 οὖν,
1226 1528 1291 1609 ἔφη,
1316 1512 1456 1609 δυναίμην
1478 1518 1514 1583 ἂν

160 1626 407 1715 συσκευασάμενος
429 1629 553 1716 φθάσαι,
576 1631 661 1717 πρίν
684 1653 716 1692 σε
739 1628 896 1709 ἐξιέναι,
924 1629 987 1694 VII
1005 1632 1035 1715 5,
1053 1631 1095 1694 39
1112 1631 1165 1702 ἕως
1181 1652 1233 1715 περ
1252 1630 1385 1712 ἔφθασεν
1409 1628 1514 1717 ἑσπέρα

160 1739 311 1823 γενομένη,
335 1737 422 1823 πρὶν
444 1745 504 1808 τοῖς
528 1739 616 1823 φιλοις
640 1737 727 1799 αὐτὸν
755 1736 902 1823 σχολάσαι
927 1739 976 1799 καὶ
1007 1736 1222 1824 συγγενέσθαι,
1247 1735 1351 1800 Anah.
1376 1735 1411 1799 II
1435 1737 1466 1817 5,
1492 1737 1513 1799 5

160 1841 278 1929 φθάσαι
301 1843 476 1930 βουλόμενα,
499 1847 583 1930 πρὶν
605 1846 761 1923 παθεῖν,
787 1845 834 1908 IV
856 1847 883 1930 1,
908 1848 929 1909 4
953 1847 1015 1932 άμα
1031 1835 1064 1907 δὲ
1081 1843 1205 1929 φθάσαι,
1229 1845 1315 1928 πρὶν
1337 1844 1403 1915 τοὺς
1426 1845 1515 1906 πολε-

160 1953 239 2036 μίους
269 1953 520 2032 καταλαβεῖν
550 1952 591 2014 τά
622 1955 711 2039 ἄκρα,
744 1951 908 2036 Antiphon
944 1953 997 2019 Or.
1031 1951 1047 2015 I
1077 1954 1119 2016 29
1151 1952 1202 2015 ἐάν
1225 1951 1277 2038 μὲν
1301 1941 1444 2013 δύνωνται
1465 1951 1515 2013 καὶ

160 2056 305 2144 φθάνωσι,
330 2059 420 2145 πρὶν
451 2059 678 2131 ἀποθανεῖν,
710 2058 868 2123 Isocrates
899 2058 954 2124 Or.
982 2060 1013 2123 V
1042 2062 1061 2124 7
1094 2059 1211 2147 ἔφθητε
1242 2057 1429 2146 ποιησάμενοι
1458 2056 1513 2145 τῆν

159 2161 281 2253 είρῆνην,
304 2167 390 2253 πρὶν
420 2163 716 2254 ἐξεργασθῆναι
746 2168 796 2230 το“ν
827 2168 924 2253 λόγον,
951 2166 1033 2230 VIlI
1067 2167 1130 2231 120
1159 2164 1229 2255 ἀνὴρ
1253 2166 1385 2254 μὲνγὰρ
1409 2163 1515 2252 ἀσεβὴς

158 2274 208 2334 καὶ
231 2272 351 2360 πονηρὸς
373 2273 465 2360 τυχὸν
489 2270 524 2334 άν
547 2273 672 2360 φθάσειε
694 2272 884 2360 τελευτήσας,
908 2276 994 2361 πρὶν
1027 2264 1163 2335 δοῦναι
1196 2264 1278 2360 δίκην
1300 2282 1361 2335 τῶν
1383 2277 1514 2360 ῆμαρτη-

158 2387 263 2466 μένων,
283 2379 468 2443 Aristoteles
485 2377 646 2444 Meteorol.
664 2381 680 2444 Ι
702 2382 739 2444 13
758 2403 786 2465 p.
805 2380 884 2445 349³
903 2382 943 2445 13
956 2401 1025 2466 sqq.
1045 2380 1167 2452 τούτους
1182 2369 1215 2442 δὲ
1232 2370 1267 2443 δι’
1282 2379 1445 2466 ὀλιγότητα
1460 2387 1514 2441 τοῦ

159 2477 266 2559 ὓδατος
281 2486 402 2574 φθάνειν
419 2485 639 2575 ξηραινομένους,
664 2491 748 2575 πρὶν
772 2489 958 2551 ἐπελθεῖν
981 2488 1016 2550 τδ
1041 2488 1073 2550 ἐκ
1090 2496 1142 2549 τοῦ
1158 2489 1285 2574 οὐρανοῦ,
1302 2485 1335 2549 II
1353 2489 1373 2549 5
1390 2509 1417 2570 p.
1435 2485 1514 2550 361b

161 2596 201 2658 17
227 2616 274 2678 sq.
300 2599 344 2656 ἔτι
362 2583 388 2656 δ’
412 2593 504 2680 αὐτὴν
527 2592 582 2680 τῆν
597 2602 653 2682 γῆν
677 2593 785 2682 φθάνει
808 2593 956 2682 ξηραίνειν,
980 2596 1071 2682 πρὶν
1094 2594 1285 2681 γενέσθαι
1309 2598 1431 2680 ἔκκρισιν
1454 2592 1514 2654 ἀθ-

158 2702 237 2788 ρόαν,
263 2699 314 2765 ΙΙΙ
340 2703 354 2764 1
381 2723 410 2786 p.
435 2702 514 2764 371·
550 2702 592 2765 22
621 2725 668 2787 sq.
693 2693 741 2764 διά
764 2693 797 2765 δὲ
819 2703 854 2764 τι)
877 2701 971 2789 τάχος
1002 2701 1109 2789 φθάνει
1139 2691 1259 2780 διεξιών,
1290 2702 1374 2787 πρὶν
1404 2701 1515 2762 ἐκπυ·

158 2818 282 2897 ρῶσαι
304 2810 369 2870 καὶ
401 2799 601 2896 ἐπιδιατρίψας
624 2813 806 2895 μελάναι,
839 2808 962 2873 Politie.
987 2807 1018 2871 V
1043 2809 1062 2871 2
1088 2831 1115 2892 p.
1145 2807 1242 2871 1302⁰
1275 2808 1318 2871 23
1347 2804 1514 2893 βουλόμενοι

158 2914 287 3003 φθάσαι,
303 2916 388 3001 πρὶν
404 2905 449 2976 άδ
459 2915 661 3002 ικηθῆναι,
676 2915 832 2978 Problem.
853 2916 883 2978 X
902 2919 945 2979 44
962 2938 990 3000 p.
1000 2917 1080 2980 895δ
1094 2916 1130 2978 21
1150 2935 1195 3000 sq.
1209 2917 1258 2977 καὶ
1274 2913 1381 3000 φθάνει
1396 2916 1514 2975 ἀναλισ-

158 3021 285 3108 κόμενον
315 3021 351 3083 τὸ
373 3020 476 3108 ὑγρόν,
507 3023 590 3108 πρὶν
622 3023 1009 3110 ἔκπνευματωθῆναι
1040 3023 1104 3084 καὶ
1134 3029 1298 3108 ποιῆσαι
1320 3018 1338 3108 ῆ
1363 3016 1512 3106 ἔρυγεῖνῆ

159 3126 297 3215 ψοφῆσαι,
322 3127 480 3213 Arrianus
503 3127 629 3212 Exped.
653 3128 747 3192 Alex.
773 3128 789 3192 I
817 3131 866 3208 13,
892 3134 912 3192 3
936 3128 1149 3216 ὑποφθάσομεν
1180 3129 1237 3215 γάρ
1266 3129 1349 3190 αὐτοὶ
1376 3132 1514 3212 περάσαν-

157 3257 217 3318 τες,
241 3236 323 3323 πρὶν
354 3237 473 3308 ἐκείνους
497 3237 524 3307 ἐς
548 3234 629 3316 τάξιν
663 3238 963 3317 καθίστασθαι,
1000 3236 1051 3300 ΙΙΙ
1081 3238 1129 3321 18,
1160 3238 1199 3300 10
1223 3236 1304 3323 ἔφθη
1340 3234 1512 3321 ἀφικέσθαι,

160 3343 247 3427 πρὶν
268 3341 309 3404 τοὶ
341 3342 482 3429 χρήματα
512 3333 814 3430 διαρπάσασθαι
847 3345 913 3416 τοὺς
944 3343 1085 3431 φύλακας,
1121 3344 1150 3407 V
1179 3344 1227 3417 14,
1252 3343 1272 3405 3
1296 3340 1514 3430 Ἀριστόβουλος

161 3437 196 3512 δὲ
211 3448 264 3510 τὸν
280 3444 387 3536 Πώρου
401 3439 493 3511 παῖδα
509 3451 590 3535 λέγει
613 3450 725 3535 φθάσαι
741 3451 914 3536 ἀφικόμενον
930 3450 981 3512 σὺν
999 3452 1122 3538 άρμασιν
1138 3455 1175 3522 ὡς
1192 3446 1345 3536 ἑξήκοντα,
1369 3451 1455 3535 πρὶν
1478 3448 1514 3511 τὸ

160 3555 280 3642 ὕστερον
303 3556 336 3618 ἐκ
359 3563 412 3643 τῆς
434 3553 521 3642 νῆσου
545 3565 596 3645 τῆς
619 3567 731 3645 μακράς
753 3567 921 3644 περᾶσαι
944 3548 1142 3644 Ἀλέξανδρον,
1170 3557 1291 3640 11115,
1317 3561 1337 3621 6
1363 3557 1442 3644 ἔφθη
1468 3557 1514 3619 ἐπὶ

157 3672 221 3736 τοῖς
251 3665 330 3749 ὁρίοις
361 3663 502 3749 γενέσθαι
539 3671 592 3750 τῆς
625 3660 807 3727 Μουσικανοῦ
838 3664 945 3750 χώρας,
970 3666 1053 3750 πρὶν
1081 3663 1292 3726 πυθέσθαι
1321 3659 1512 3740 Μουσικανὸν,

159 3771 208 3832 ὅτι
230 3769 363 3858 ὥρμηται
385 3776 422 3843 ὡς
445 3771 489 3833 ἐπ’
513 3772 602 3833 αὐτὸν
626 3763 823 3857 Ἀλέξανδρος,
853 3774 902 3854 13,
928 3776 948 3834 4
972 3771 1108 3856 ἔφθασαν
1131 3761 1163 3832 δὲ
1187 3771 1388 3841 ἐποκείλαντες
1412 3768 1513 3848 αὐτάς,

156 3879 245 3966 πρὶν
267 3878 436 3940 παντάπασι
460 3868 661 3941 διαπεσεῖν
685 3880 714 3941 ἐν
737 3888 781 3958 τῷ
804 3869 899 3957 1άδιιτι,
926 3876 988 3940 VII
1014 3877 1067 3959 22,
1097 3879 1110 3940 1
1130 3874 1197 3938 ἀλλ’
1221 3876 1302 3963 ἔφθη
1326 3877 1382 3963 γάρ
1407 3875 1513 3948 ἐλάσας

158 3985 219 4065 ἔξω
243 3982 425 4067 Βαβυλῶνος,
450 3988 531 4072 πρίν
554 4009 584 4046 τι
606 3986 725 4064 παθεῖν,
750 3984 936 4051 Alexander
961 3984 1217 4070 Aphrodisiensis
1252 3983 1406 4047 l‘roblem.
1434 3983 1465 4046 ΙΙ
1492 3985 1512 4047 8

157 4090 269 4180 φθάνει
290 4093 346 4179 γάρ
371 4093 531 4180 σβεσθῆναι
561 4096 610 4155 καὶ
641 4093 897 4179 ἐκτεφρωθῆναιό
922 4093 1031 4178 χυμάς,
1054 4095 1138 4178 πρὶν
1166 4099 1349 4178 γεννῆσαι
1371 4089 1426 4178 τὴν
1450 4081 1512 4152 διά.

158 4201 247 4262 θεσιν
262 4198 298 4285 1),
323 4235 364 4244 -
391 4198 573 4262 Herodotus
598 4199 644 4263 Vl
674 4202 734 4262 108
759 4201 888 4285 φθαίητε
918 4199 974 4285 γάρ
1006 4195 1040 4260 ἂν
1063 4197 1205 4268 πολλάκις
1237 4187 1512 4284 ἐξανδραποδισθέν-

272 4603 293 4668 ¹)
311 4604 396 4654 Aliter
408 4603 415 4653 1
428 4603 463 4652 31)
474 4599 589 4669 φθάνουα.
599 4600 777 4669 μεταβληθῆναι
787 4600 824 4650 καί
835 4599 959 4669 πεφθῆναι,
979 4618 995 4649 π
1002 4598 1048 4668 ρ1ν
1067 4602 1099 4668 θρ
1108 4599 1214 4665 άσιυσι,
1225 4617 1303 4666 qutun
1318 4601 1442 4665 syntaxin
1453 4617 1513 4651 con-

160 4694 269 4744 firmant
288 4693 439 4743 Semonides
459 4694 618 4758 Amorginua
638 4695 668 4742 fr.
692 4693 714 4754 1,
737 4693 763 4743 11
793 4709 830 4757 sq.
858 4689 965 4756 anngk)
992 4688 1074 4757 φθάνει
1099 4687 1123 4739 δέ
1149 4688 1189 4739 τὀν
1207 4687 1249 4757 μὲν
1267 4693 1339 4757 γῆρας
1361 4687 1449 4754 ἄζηλον
1466 4687 1512 4738 λα-

163 4782 212 4848 βον,
229 4783 233 4844 Ι
250 4777 320 4850 πρίν
338 4779 404 4848 τέρμ’
420 4778 544 4846 ἵκηται,
566 4781 703 4845 Euripides
723 4784 806 4830 Orest.
829 4780 896 4831 1218
921 4796 976 4845 sqq.
1003 4777 1108 4847 φυλασσε
1127 4778 1156 4842 δ’,
1175 4775 1202 4842 ῆν
1220 4796 1261 4838 τις,
1281 4776 1349 4846 πρίν
1367 4778 1512 4843 τελευτη-

162 4870 202 4944 θῆ
221 4872 299 4941 φόνος,
316 4880 319 4931 ι
335 4870 351 4936 ῆ
368 4869 491 4940 ξύμμαχός
517 4888 549 4929 τις
568 4871 582 4934 ἢ
601 4868 740 4942 κασίγνητος
765 4868 853 4940 ιτα-,ρος
869 4873 873 4936 Ι
890 4866 970 4919 ἐλθὼν
995 4866 1017 4930 ἐς
1042 4865 1120 4927 οἴκους
1146 4866 1197 4939 φθῇ
1220 4870 1253 4920 cf.
1279 4870 1358 4919 otiam
1386 4869 1511 4937 Iosephus
