3360 5466
250 267 293 361 218
766 309 823 354 nno
847 283 1032 354 s'rnaanaari.
1531 282 1604 355 [424]

250 505 306 593 ρόν.
331 501 374 568 Τό
397 494 431 568 δὲ
453 503 596 592 μειράκιον
620 500 682 566 εἷπε
705 503 773 590 πρός
794 502 894 565 αύτόν·
920 499 1009 565 ’ἀλλά
1039 510 1087 563 νῦν
1111 497 1232 586 βοήθει,
1264 501 1381 589 ὕστερον
1405 489 1438 563 δὲ
1462 501 1605 562 σωθέντα

252 612 315 701 [ei]
339 609 472 699 μίμνον·

357 715 397 781 Ὀ
419 719 507 806 λόγος
531 721 643 806 εἴρηται
664 717 733 803 πρός
762 717 828 789 τούς
859 717 988 804 ἀφορμάς
1020 716 1092 778 καθ’
1123 719 1236 778 έαυτῶν
1267 705 1399 787 διδόντας
1423 704 1603 778 ἀδικεῒσέαι.

358 825 472 889 Procul
497 824 595 889 dubio
627 822 813 887 affabulatio
836 847 855 885 a
878 822 1006 887 fabulae
1038 832 1146 886 tenore
1177 821 1371 886 alienissima
1403 819 1534 886 aliunde
1558 823 1602 883 in·

250 933 365 1018 repsit3
390 931 501 1017 quodsi
527 930 566 994 de
592 931 724 1015 pristina
755 929 909 993 meritoria
941 929 1085 1013 quaestio
1117 929 1270 1013 exoritur,
1304 928 1404 992 verba
1427 929 1511 992 inA
1538 937 1605 990 tra-

251 1040 318 1105 dita
341 1050 397 1103 aut
421 1039 461 1102 ad
485 1036 634 1102 fabellam
659 1035 856 1120 deperditam
882 1037 1040 1121 pertinent
1072 1045 1129 1100 aut
1155 1036 1291 1100 alterum
1315 1035 1440 1121 apologi
1472 1055 1606 1120 praeee-

252 1146 358 1210 dentis
383 1142 757 1228 1ο,2116)υμ1ιιιγιίιίυιη
782 1155 1033 1228 repraesentant:

358 1250 473 1339 Ποιμην
497 1249 657 1331 ἐξελαύνων
681 1255 771 1312 αύτοῦ
793 1248 847 1336 τὴν
870 1252 992 1336 ποίμνην
1015 1250 1073 1313 ἀπό
1090 1273 1162 1323 τινος
1177 1249 1277 1337 κώμης
1293 1248 1454 1337 ποῤῥοτέρω
1477 1238 1605 1311 διετέλει

250 1360 371 1448 τοιαύτη
395 1349 497 1439 παιδιᾷ
520 1358 676 1444 χρώμενος·
702 1356 891 1438 ἐπιβοώμενος
914 1358 971 1445 γάρ
995 1357 1061 1431 τούς
1085 1354 1225 1444 κωμήτας
1251 1358 1297 1419 ἐπὶ
1320 1355 1460 1442 βοήθειαν
1485 1360 1601 1444 ἔλεγεν,

250 1473 289 1540 ὡς
312 1466 394 1530 λύκοι
417 1475 476 1538 τοῖς
498 1465 652 1552 προβάτοις
676 1465 819 1551 ἐπηλὲον.
845 1463 894 1536 Δὶς
923 1455 1031 1537 <δέ>
1060 1466 1111 1526 καὶ
1132 1466 1192 1551 τρὶς
1215 1467 1273 1526 τῶν
1297 1465 1330 1526 ἐκ
1353 1471 1405 1550 τῆς
1428 1464 1529 1552 κώμης
1552 1465 1605 1526 ἐκ·

249 1574 425 1661 πλαγέντων
447 1575 497 1635 καὶ
520 1562 757 1659 ὲκπηδησάντων,
783 1569 846 1634 εἶτα
876 1562 924 1633 διά
952 1571 1082 1657 γέλωτος
1109 1571 1342 1658 ἀπαλλαγέντων
1365 1561 1533 1658 συνέβητύ
1555 1595 1605 1634 τε·

249 1685 385 1744 λευπαῒον
407 1689 471 1753 ταῖς
493 1681 646 1766 ἀληθείαις
669 1677 772 1751 λύκους
795 1678 938 1740 ἐπελθεῖν.
963 1677 1215 1766 Ἀποτεμνομένης
1238 1669 1270 1741 δὲ
1293 1682 1383 1741 αὐτοῦ
1405 1686 1460 1764 τῆς
1481 1681 1606 1766 ποίμνης

250 1788 337 1860 αύτός
359 1789 407 1850 ἐπὶ
430 1785 571 1872 βοήθειαν
595 1789 672 1867 βοῶν
695 1786 796 1848 ἐκεῖνοι
819 1785 1016 1865 ὑπολαβόντες
1046 1787 1133 1847 αύτύν
1159 1786 1273 1869 παίζειν
1301 1786 1380 1848 κατά
1402 1786 1439 1848 τό
1463 1789 1532 1858 ἐθος
1555 1789 1606 1847 ού-

250 1885 298 1958 δὲν
322 1895 496 1980 ἐφρόντισαν.
521 1891 581 1955 Καὶ
603 1898 693 1966 ούτως
717 1896 799 1972 αύτῷ
823 1894 926 1981 συνέβη
950 1895 1115 1955 ἀπολέσθαι
1139 1894 1178 1955 ταὶ
1201 1894 1346 1980 πρόβατα.

357 1998 397 2062 'O
420 2000 506 2087 λόγος
534 1990 630 2087 δηλοῖ,
656 2000 701 2061 ὅτι
724 2009 812 2060 τοῦτο
836 1989 1027 2084 κερδαίνουσιν
1050 2002 1076 2060 σί
1099 1989 1267 2085 ψευδόμενοι
1289 2000 1325 2062 τό
1349 1989 1416 2087 μηδ’
1432 2000 1504 2062 ὅταν
1530 2002 1606 2086 ἀλη-

250 2108 399 2172 θεύωνται
420 2107 612 2170 πιστεύεσθαι
636 2106 692 2167 ύπό
713 2129 797 2178 τινος,

358 2213 449 2278 Idem
472 2216 586 2277 vitium
610 2213 780 2298 occupavit
804 2214 830 2276 F
858 2215 919 2276 166
936 2222 968 2277 et
986 2213 1055 2297 167,
1080 2213 1136 2277 ubi
1159 2212 1302 2296 gemellis
1319 2213 1437 2278 fabulis
1461 2213 1603 2298 gemella

251 2320 426 2406 epiinythia
450 2320 687 2405 subiunguntur
705 2324 737 2401 1).
771 2319 853 2384 Cum
879 2320 907 2383 A
932 2321 996 2384 206
1019 2330 1050 2383 et
1074 2321 1101 2383 F
1126 2322 1186 2384 166
1218 2319 1281 2383 alia
1317 2319 1459 2384 eiusdem
1492 2344 1606 2386 narra·

250 2429 344 2492 tionis
370 2427 516 2514 exempla
538 2427 585 2509 (M
617 2428 691 2504 211,
723 2425 814 2490 Bodl.
853 2428 924 2507 120,
949 2427 975 2492 Ο
1000 2428 1076 2508 266)
1108 2428 1293 2512 conspirant
1308 2434 1345 2511 ²);
1381 2428 1470 2493 alteri
1494 2439 1604 2494 autern

251 2534 472 2620 apologoalia
494 2533 679 2598 affabulatio
703 2556 804 2619 eaque
829 2536 947 2618 optima
971 2533 1123 2599 adhaeret
1148 2535 1177 2597 in
1203 2535 1364 2600 simillima
1394 2534 1604 2602 coniectionis

251 2643 454 2707 Coraisianae
480 2641 600 2706 fabella
623 2664 654 2705 n.
680 2644 757 2706 310·
780 2647 795 2704 ό
818 2646 910 2729 μῦθος
934 2634 1021 2728 δηλοῖ
1039 2651 1138 2705 τοῦτο·
1161 2641 1202 2730 μη
1231 2644 1353 2731 μέμφου,
1377 2643 1454 2732 πλὴν
1478 2645 1602 2733 ἐλέησον

250 2749 292 2815 ef.
318 2750 413 2813 etiam
441 2749 529 2812 Bodl.
559 2750 618 2812 115
650 2751 697 2810 ὅτι
724 2752 790 2820 τούς
815 2750 844 2812 ἐν
868 2740 1003 2822 κινδύνοις
1031 2752 1153 2836 ἀπείρως
1183 2751 1361 2837 ἐμπεσόντας
1388 2741 1435 2814 δεῖ
1460 2752 1602 2840 πρότερον

251 2858 361 2941 σῴζειν,
387 2864 488 2919 ἔπειτα
511 2847 656 2919 διδάσκειν
679 2858 729 2918 καὶ
751 2859 899 2919 νουθετεῖν
923 2867 954 2920 et
978 2856 1129 2943 Syntipas
1153 2856 1197 2921 23
1213 2860 1293 2937 (eive
1310 2857 1336 2922 O
1353 2857 1444 2938 310⁶)
1468 2863 1485 2921 ό
1508 2862 1605 2944 μῦθος

251 2954 345 3052 δηλοῖ,
368 2968 405 3037 ὡς
428 2968 444 3026 ό
469 2964 497 3026 ἐν
519 2962 683 3051 περιστάσει
705 2963 773 3026 τινά
795 2953 1006 3051 προςονειδίζων
1034 2965 1157 3051 ἀκαίρως
1190 2967 1279 3027 αὐτοῦ
1310 2966 1360 3027 καὶ
1388 2968 1523 3054 ἀπρεπῶς
1548 2990 1605 3030 κα-

250 3071 445 3159 τάμέμφεται.

355 3178 429 3242 Alia
452 3191 559 3241 tamen
584 3179 664 3242 ratio
688 3177 857 3242 intercedit
880 3178 912 3242 in
937 3178 1026 3242 Bodl.
1052 3181 1112 3243 30:

357 3281 433 3348 Ὅτι
455 3294 586 3348 τοιοῦτον
616 3279 690 3372 ἦθός
719 3308 793 3359 τινες
820 3297 879 3349 τῶν
908 3286 1072 3372 ἀνθρώπων
1102 3291 1234 3372 ἔχουσιν,
1266 3280 1305 3359 οἷς
1334 3287 1379 3349 ἀεὶ
1408 3290 1523 3374 μᾶλλον
1553 3289 1605 3375 ἐχ-

251 3394 375 3479 θραίνειν
399 3393 460 3455 ἐστὶ
483 3392 574 3454 καλόν
598 3390 616 3479 ἢ
640 3396 738 3479 φιλεῖν.

359 3498 417 3561 Δύο
441 3510 528 3586 γεννᾷ
551 3499 642 3562 τέκνα
665 3500 753 3587 μιμώ·
778 3501 828 3561 καὶ
850 3501 886 3562 τό
909 3500 960 3588 μὲν
983 3505 1013 3563 ἓν
1036 3503 1150 3588 ἀγαπᾷ,
1174 3501 1210 3563 τό
1234 3489 1267 3562 δὲ
1290 3500 1387 3586 ἕτερον
1409 3509 1495 3588 μισεῖ.
1543 3499 1605 3565 Καὶ

251 3604 267 3668 11
289 3605 341 3694 μὲν
365 3613 489 3694 στέργει,
516 3607 560 3668 ἀεὶ
584 3607 612 3668 ἐν
636 3616 694 3678 τοῖς
718 3607 835 3678 κόλποις
857 3607 1044 3694 περιφέρουσα
1067 3608 1115 3669 καὶ
1138 3608 1255 3669 τιθεῖσα
1280 3608 1364 3669 ἔνθεν
1388 3609 1529 3670 κάκεῖθεν
1555 3610 1606 3671 καὶ

250 3723 339 3776 τοῦτο
362 3717 563 3801 καταφιλοῦσα
592 3716 754 3801 ἀποπνίγει·
778 3713 793 3776 δ
818 3704 849 3775 δὲ
872 3723 950 3800 μισεῖ
974 3716 1099 3784 <καὶ>
1126 3703 1231 3792 διώκει,
1255 3723 1344 3777 τοῦτο
1369 3703 1424 3797 [δὲ]
1438 3711 1464 3796 ³)
1487 3714 1516 3777 ἐν
1540 3725 1606 3788 ταῖς

154 3874 159 3882 .
251 3821 376 3908 ἐρημίαις
399 3822 533 3885 ἀπελθόν
556 3821 592 3907 ζῇ
617 3818 689 3883 καθ’
713 3821 809 3883 ἑαυτό.

252 3963 361 3975 ψ-ῃ.
403 3971 408 3974 .
447 3970 462 3974 ,-

362 4037 379 4101 Ι)
400 4038 520 4087 varietas
540 4038 686 4102 scripturae
705 4038 769 4087 haee
789 4043 842 4086 est:
863 4037 885 4086 Α
905 4032 967 4103 206)
986 4032 999 4084 ό
1017 4033 1100 4103 λόγος]
1120 4032 1183 4094 όλως
1202 4037 1237 4100 F;
1263 4052 1328 4088 corr.
1348 4035 1439 4087 Geraia
1458 4053 1482 4102 p.
1503 4035 1558 4090 395
1578 4056 1605 4091 n.

251 4124 372 4194 611μηδἸ
392 4123 451 4192 μηδὲ
465 4135 474 4179 Η
488 4122 663 4192 ἀληθεύοντα]
683 4122 826 4191 ἀληθεύουσι
840 4135 849 4181 ιι
864 4124 908 4174 ὑπό
928 4141 987 4182 τινος
1006 4141 1069 4186 om.;
1092 4127 1160 4175 -A
1179 4123 1241 4193 207)
1262 4121 1275 4174 ό
1293 4122 1376 4194 λόγος]
1397 4121 1460 4184 ὅλως
1479 4129 1516 4192 F3
1537 4145 1606 4181 corr.

252 4216 343 4266 Corais
362 4231 386 4279 p.
408 4214 459 4265 404
477 4232 502 4266 n.
522 4215 539 4263 3
553 4227 561 4271 ,Ι
577 4211 697 4282 ἀφορμὰς]
716 4213 831 4282 ἀφορμήν.

360 4302 379 4365 ²)
398 4302 427 4351 ’(1
446 4301 518 4371 λόγος
537 4302 612 4368 δηλοῖ,
634 4301 668 4352 ότι
687 4306 758 4353 τοῦτο
776 4301 930 4371 κερδαίνουσιν
948 4301 969 4352 σί
988 4301 1121 4371 ψευδόμενοι
1140 4299 1168 4352 τό
1187 4300 1246 4372 μηδὲ
1270 4299 1326 4352 όταν
1350 4299 1488 4369 ἀληθεύωσι
1507 4306 1605 4357 πιστεύ-

251 4390 321 4442 εσθαι
340 4395 375 4455 M,
395 4389 430 4442 ὅτι
448 4395 519 4442 τοῦτο
539 4387 622 4461 όρελος
642 4398 675 4462 τῷ
694 4392 795 4462 ψεύστῃ,
811 4391 857 4457 ἵνα,
881 4391 923 4442 κάν
947 4389 1061 4457 ἀληθειαν
1083 4391 1150 4463 λέγῃ,
1174 4392 1207 4462 μὴ
1232 4392 1366 4458 πιττεύηται
1391 4394 1484 4460 Bodl.‚
1504 4390 1542 4445 ὅτι
1562 4413 1605 4447 τυ-

252 4487 338 4532 σοῦτον
356 4476 441 4551 ὄφελος
460 4487 494 4549 τῷ
512 4481 612 4551 ψεύστῃ,
637 4479 672 4531 ὅτι
694 4480 732 4532 καί
758 4479 840 4548 ἀληθῆ
863 4480 941 4550 λέγων
967 4479 1081 4540 πολλάκις
1106 4485 1134 4532 οὐ
1159 4481 1288 4532 πιστεύεται
1307 4484 1335 4534 0.
1357 4511 1389 4521 —
1409 4482 1449 4533 De
1469 4488 1607 4537 sententia

252 4575 311 4639 ipsa
330 4576 364 4625 ef.
390 4574 509 4624 Gnornol.
536 4576 597 4624 Vnt.
621 4573 673 4625 366
697 4590 756 4624 curn
781 4581 843 4624 nota
869 4582 959 4623 nostra
984 4573 1122 4637 („Wiener
1147 4573 1272 4623 Studien“
1294 4573 1345 4624 vol.
1364 4572 1403 4622 XI
1423 4600 1454 4610 -
1478 4573 1549 4626 1889
1570 4604 1604 4613 -

253 4678 277 4729 p.
297 4661 349 4728 61).

360 4750 377 4816 ³)
398 4749 441 4802 1ίσ1
459 4753 553 4815 adieci,
571 4748 596 4801 δὲ
615 4754 715 4804 ισεεσοί
734 4770 765 4803 ex
784 4754 805 4803 O
824 4752 905 4804 267⁶.
942 4752 1040 4802 Eodem
1065 4751 1142 4802 modo
1167 4752 1281 4802 sanandi
1306 4758 1369 4802 sunt
1393 4751 1483 4803 Babrii
1509 4770 1606 4808 verene

252 4843 287 4913 (n.
307 4842 367 4901 θὸλι
691 4841 740 4890 δύο)
759 4838 800 4908 μὲν
818 4839 878 4899 υἱούς
898 4840 913 4905 ἡ
932 4838 1035 4905 πίθηκος
1053 4837 1135 4905 ὠδίνει,

691 4934 791 4982 τεκοῦσα
810 4929 832 4979 δ’
851 4930 930 4989 αὐτοῖς
948 4928 1009 4980 ἐστιν
1028 4929 1070 4981 οὐκ
1086 4925 1127 4996 ἴση
1146 4930 1231 5002 μήτηρ.
