3360 5466
177 316 217 386 16
709 336 769 388 tao
793 338 977 390 suessanus.
1453 314 1528 391 139⁹}

173 535 227 601 sol.
252 535 292 601 ad
316 535 465 622 Apollon.
490 537 530 601 31
556 536 659 617 (lior.)
684 560 713 623 p.
742 540 802 601 117
826 537 856 601 E
879 538 948 623 πρὸς
977 536 1090 610 πάντας
1119 526 1157 623 ll)
1191 538 1258 609 τούς
1285 540 1434 611 θανάτους
1457 539 1528 600 ὲλα-

173 654 246 732 φρῶς
270 645 371 707 ἑκτέον
403 635 533 727 εἰδότας,
565 647 610 709 ὅτι
640 644 694 737 τὴν
725 655 823 736 μοῖραν
853 648 906 711 ούκ
938 652 1014 712 ἐστιν
1049 647 1192 737 ἐκφυγεῖν,
1217 644 1300 708 idem
1326 647 1359 708 ἐκ
1382 655 1435 708 τοῦ
1460 651 1527 733 eii,

171 749 232 812 τῶν
254 751 424 838 μελλόντων
454 752 612 842 πρόγνωσις
641 753 783 840 ὠφέλιμος
819 755 851 819 in
883 751 1011 818 Stobuei
1042 752 1171 820 Anthol.
1197 752 1211 816 Ι
1234 755 1263 834 5,
1293 755 1329 816 19
1353 752 1427 833 (vol.
1454 752 1472 816 1
1499 776 1528 837 p.

175 859 228 943 81,
254 859 296 922 24
320 879 387 944 sqq.
410 857 667 926 Wachsuiuth=
685 860 724 927 sr.
749 859 814 924 XV
840 861 858 928 2
884 882 913 949 p.
939 861 993 945 37,
1021 861 1058 927 17
1080 882 1146 945 sqq.
1171 858 1340 942 Duebner)
1363 850 1412 922 διὰ
1435 870 1527 922 τοῦτο

171 964 227 1053 τὴν
249 970 420 1054 εἱμαρμένην
443 967 491 1028 καὶ
516 955 704 1053 Ἀδράστειαν
728 971 875 1049 καλοῦσιν,
906 966 952 1031 ὅτι
974 967 1061 1056 πέρας
1084 976 1148 1040 ταῖς
1179 969 1281 1039 αἰτίαις
1305 969 1528 1054 ἠναγκασμένον

173 1075 334 1160 ἐπιτίθησιν
359 1075 550 1161 σίνέκφευκτος
572 1068 643 1136 οὖσα
666 1078 716 1136 καὶ
739 1065 954 1161 σίναπύθραστος
970 1078 998 1155 ¹),
1024 1074 1177 1160 Aleiphro
1202 1075 1303 1161 Epist.
1327 1075 1343 1137 l
1367 1076 1422 1160 25,
1444 1077 1459 1139 1
1480 1097 1527 1160 sq.

173 1181 225 1268 ζῆν
249 1179 301 1267 μὲν
325 1181 381 1268 γὰρ
405 1184 455 1243 καὶ
485 1183 625 1244 τεθνάναι
656 1183 827 1268 μεμοίραται
857 1189 943 1244 τάσιν
973 1183 1040 1268 ἡμῖν
1064 1182 1113 1243 καί
1135 1185 1187 1245 ούκ
1210 1189 1270 1244 ἐστι
1293 1183 1329 1245 τὸ
1354 1183 1449 1269 χρεὼν
1473 1204 1528 1269 φυ-

173 1297 242 1376 γεῖν,
275 1285 330 1350 κᾶν
362 1289 392 1351 ἑν
421 1290 536 1373 οἰκίσκῳ
567 1313 610 1362 τις
642 1290 732 1355 αὑτὸν
761 1285 917 1375 καθείρξας
947 1297 1032 1379 τηρῇ·
1047 1289 1072 1375 2)
1105 1290 1215 1377 ἐνεργὸς
1246 1290 1302 1380 γάρ
1326 1294 1343 1376 ί,
1368 1291 1527 1377 εἱμαρμένη

171 1397 221 1457 καὶ
250 1396 286 1458 τὸ
319 1402 502 1482 πεπρωμένον
534 1399 669 1485 άφυκτον,
700 1394 892 1461 Heliodorus
923 1395 1070 1487 Aethiop.
1106 1396 1136 1465 Il
1170 1397 1212 1460 24
1235 1397 1302 1468 τούς
1325 1397 1381 1483 γὰρ
1407 1394 1528 1485 Μοιρῶν

171 1503 332 1591 ἀτρέπτους
354 1504 433 1590 ὅρους
455 1491 578 1590 προϊδεῖν
601 1501 653 1589 μὲν
676 1492 808 1586 δυνατόν,
834 1501 982 1590 ἐκφεύγειν
1002 1493 1028 1564 δ’
1049 1503 1102 1564 ούκ
1125 1503 1250 1592 ἐφικτόν,
1277 1504 1414 1568 Hermes
1437 1505 1528 1567 Tris-

173 1611 328 1692 megistus
351 1609 436 1694 apud
462 1609 634 1675 Stobaeum
659 1608 788 1673 Anthel.
816 1609 831 1673 Ι
855 1611 885 1687 5,
912 1610 955 1674 20
978 1608 1050 1692 (νοὶ.
1075 1609 1090 1672 l
1115 1631 1146 1695 p.
1171 1611 1222 1689 82,
1253 1614 1271 1674 7
1295 1611 1351 1696 ειγ.)
1374 1611 1445 1673 οὔτε
1470 1612 1527 1699 γάρ

172 1717 342 1805 εἱμαρμένην
366 1727 464 1805 φυγεῖν
496 1742 539 1792 τις
570 1709 690 1780 δύναται
723 1717 791 1780 οὔτε
819 1714 943 1805 φυλάξαι
967 1718 1070 1779 ἑαυτὸν
1102 1719 1159 1780 αἰπύ
1183 1725 1236 1806 τῆς
1257 1718 1372 1781 τούτων
1396 1710 1527 1808 δεινύτνγ·

171 1847 221 1896 τος
234 1827 264 1906 3),
290 1823 431 1888 Isidorus
455 1824 616 1889 Pelusiota
636 1823 737 1910 Epist.
762 1823 795 1888 ll
811 1845 842 1887 n.
861 1825 902 1888 77
920 1824 954 1887 τά
970 1825 1063 1912 χρεὼν
1087 1815 1154 1888 οὐδὲ
1176 1826 1406 1913 προμηνυύμενον
1424 1817 1527 1914 διαφυ-

171 1940 232 2017 γεῖν
255 1925 312 1993 οἱάν
334 1954 379 2017 τε,
406 1932 529 1996 Auctor
551 1934 636 1996 vitae
661 1932 781 2017 Aesopi
803 1932 843 2001 21
878 1953 907 2018 p.
937 1933 990 2018 53,
1020 1936 1055 1997 11
1086 1954 1153 2023 sqq.
1178 1933 1427 2018 (Westermauu)
1452 1939 1468 1999 ὁ
1492 1925 1526 1999 δὲ

173 2034 308 2111 Αἴσωπος
331 2043 385 2119 οὐχ
407 2040 496 2126 εύρὼν
528 2039 662 2130 μηχανὴν
694 2047 745 2127 τῆς
776 2046 898 2126 πονηροῖς
928 2038 1039 2125 τύχης,
1072 2043 1109 2112 ὡς
1140 2040 1249 2127 θνητὸς
1273 2037 1312 2102 ὢν
1337 2039 1452 2124 (addet
1479 2045 1525 2121 ού)

173 2231 483 2243 —-—-—-.—-..—·-—-

172 2336 415 2389 Thessalonicensis
434 2339 468 2388 ed
487 2340 593 2390 Homeri
613 2336 786 2404 Οι1.1,18ρ.
804 2336 879 2402 1386,
900 2336 933 2388 13
952 2335 1015 2386 ούτω
1033 2333 1072 2387 καλ
1084 2334 1112 2388 do
1126 2334 1240 2406 άφευκτον
1253 2335 1355 2406 ἄρεκτον
1373 2336 1476 2410 λέγεται.
1493 2368 1522 2385 -ι

172 2426 296 2476 Eiusdem
316 2428 510 2479 inconstantiae
529 2429 640 2480 alterum
659 2427 804 2495 exemplum
824 2427 852 2477 in
871 2428 961 2477 formis
989 2425 1095 2496 φεύξιμος
1121 2429 1164 2489 (de
1183 2430 1315 2494 superstit.
1335 2428 1353 2480 4
1371 2447 1396 2494 p.
1418 2430 1471 2481 166
1492 2431 1527 2494 E)

172 2523 198 2566 et
216 2515 394 2584 (κατα)φν’ξιμος
419 2519 536 2584 (Quaest.
562 2519 636 2569 Rom.
664 2515 712 2568 111
733 2532 758 2582 p.
777 2514 830 2568 290
849 2517 878 2576 C,
898 2514 987 2568 Praee.
1008 2533 1060 2582 ger.
1081 2518 1142 2582 reip.
1164 2519 1252 2568 xxxi
1272 2519 1287 2569 7
1308 2536 1331 2583 p.
1352 2518 1415 2584 823)
1434 2536 1526 2570 occur-

172 2605 212 2658 rit.
234 2605 432 2672 Diphtluougum
451 2610 577 2675 piaabeut
596 2603 692 2674 ριυκτδς
709 2605 825 2674 (consol.
846 2605 879 2657 ed
899 2606 1011 2677 Apellen
1039 2606 1071 2657 31
1092 2623 1116 2670 p.
1141 2607 1188 2660 117
1209 2608 1241 2670 1),
1261 2608 1292 2658 de
1312 2609 1391 2659 Stoio.
1412 2625 1524 2674 repugn.

172 2694 221 2743 XV
242 2694 258 2745 7
276 2711 302 2760 p.
324 2693 442 2762 10401‘,
463 2696 552 2746 XVlll
573 2695 590 2748 6
608 2704 635 2746 et
655 2696 668 2746 7
689 2712 712 2763 p.
737 2693 805 2747 1012
825 2695 849 2744 l)
869 2702 915 2755 ter,
935 2695 967 2745 ds
986 2711 1114 2746 commun.
1136 2704 1188 2749 uot.
1208 2695 1243 2747 iv
1266 2696 1279 2750 1
1300 2714 1324 2762 p.
1347 2696 1416 2754 1060
1435 2699 1466 2763 C,
1486 2699 1524 2749 Xl

172 2782 189 2833 6
208 2799 232 2848 p.
253 2781 322 2835 1063
341 2785 372 2844 Ε,
392 2782 482 2834 xxiv
502 2783 518 2835 2
537 2801 562 2849 p.
585 2783 653 2838 1070
672 2785 713 2849 (l),
732 2780 883 2852 ιἰνέκφευκτος
901 2784 943 2849 (ds
962 2784 1093 2849 superstit.
1114 2783 1132 2837 4
1151 2802 1174 2850 p.
1197 2784 1247 2836 166
1266 2788 1307 2853 Ε),
1326 2783 1439 2854 διάρενξις
1460 2789 1524 2849 (Vit.

172 2872 229 2923 Tib.
250 2872 362 2924 Gracehi
380 2871 402 2926 v
421 2873 438 2925 2
457 2891 481 2939 p.
501 2872 553 2926 8¹26
573 2875 603 2938 B,
628 2875 660 2925 ds
685 2874 772 2925 aolert.
797 2872 884 2925 anim.
904 2873 988 2923 XXV}
1011 2872 1071 2939 dp.
1091 2872 1143 2926 977
1163 2874 1199 2939 Ε;
1219 2904 1252 2912 -
1273 2877 1391 2928 eodieum
1412 2877 1525 2927 deterio-

171 2977 229 3012 ιιιιιι
246 2962 325 3014 laetis
344 2958 467 3031 άπάφινξιν
483 2979 530 3028 pro
549 2959 667 3031 άπάιρασιν
684 2962 832 3028 respuenda
850 2968 890 3013 est
909 2962 941 3012 de
960 2961 1031 3013 adul.
1051 2970 1078 3013 at
1102 2964 1187 3015 emico
1212 2963 1245 3015 22
1264 2981 1289 3029 p.
1309 2964 1344 3017 sa
1364 2965 1398 3030 E)
1415 2967 1451 3016 ei.
1472 2981 1524 3015 em·

170 3051 261 3103 mnino
280 3052 429 3106 iaboekius
448 3053 482 3105 ad
503 3053 643 3117 t'hryuich.
663 3068 689 3117 p.
707 3050 762 3105 ’128
786 3067 824 3118 sq.
847 3080 879 3091 -
898 3052 939 3105 sd
963 3053 1113 3107 memoriam
1138 3048 1274 3119 ἀφύλακτον
1297 3056 1524 3109 comburendam

171 3140 238 3193 nihil
257 3141 329 3193 velet
347 3142 505 3194 Plutarchus
530 3143 563 3193 de
588 3152 699 3209 superet.
718 3141 734 3190 4
754 3157 779 3209 p.
800 3138 850 3195 167
869 3142 892 3192 Δ
911 3139 987 3199 ούτως
1004 3139 1020 3206 ἡ
1038 3138 1188 3209 κακοδαίμων
1206 3140 1378 3217 δεισιδαιμονία,
1397 3140 1437 3193 καί
1456 3141 1470 3193 δ
1490 3148 1525 3194 τῶ

172 3227 205 3298 μὴ
224 3226 308 3279 παθεῖν
326 3226 472 3298 ἐκπέφευγεν,
491 3220 673 3299 ἀφύλακτον
696 3232 731 3297 τῷ
755 3229 885 3297 προςδοκᾶν
909 3229 967 3298 αὐτῇ
990 3228 1114 3295 πεποίηκε,
1134 3231 1262 3296 siquidem
1287 3233 1426 3295 Dusbner,
1448 3236 1525 3285 cuius

173 3319 252 3369 editio
272 3335 372 3385 semper
391 3320 424 3369 ad
444 3335 549 3370 manum
569 3326 617 3385 est,
636 3334 696 3368 eum
718 3318 920 3383 Wyttenbachio
946 3320 1089 3384 genuinum
1115 3327 1216 3371 textum
1242 3318 1317 3378 οὔτως
1336 3317 1350 3385 ἡ
1370 3319 1524 3389 κακοδαίμων

171 3405 333 3476 δεισιδαιμονία
352 3413 381 3478 τῇ
399 3413 494 3479 περιττῇ
518 3405 575 3478 πρδς
597 3403 661 3457 άπαν
679 3405 706 3457 τδ
726 3408 810 3457 δοκοῦν
828 3405 899 3457 διινδν
917 3405 1024 3476 εὐλαβείᾳ
1042 3404 1152 3458 λανθάνει
1170 3404 1252 3474 ἑαυτὶγν
1270 3405 1441 3474 ὑποβάλλουσα
1466 3426 1524 3460 παν-

129 3477 132 3483 ’
170 3493 243 3555 τοὶυις
260 3496 340 3556 &tedis
358 3499 528 3549 oblitteravit.

280 3586 356 3649 1101.
376 3588 531 3640 Aristoteles
555 3587 588 3639 de
606 3588 703 3641 mundo
723 3587 738 3640 7
758 3605 782 3653 p.
802 3586 870 3643 ⁴01⁵
898 3587 931 3639 13
951 3583 1102 3655 Ἀδράστειαν
1119 3583 1144 3642 a
1162 3584 1340 3656 άναπόδραστνι
1357 3584 1434 3643 αἰτίαν
1452 3583 1525 3645 οὖσαν

171 3671 232 3726 κατὰ
251 3675 325 3744 φύσιν,
344 3678 425 3728 Arius
444 3677 574 3743 Didymus
600 3679 630 3729 ir.
656 3678 692 3730 30
718 3677 793 3727 Diels
818 3678 943 3743 (Dexogr.
964 3679 1008 3728 Gr.
1028 3695 1052 3745 p.
1073 3677 1134 3741 461),
1153 3679 1169 3730 2
1187 3681 1237 3751 sq.)
1264 3676 1415 3747 Ἀδράστειαν
1434 3679 1468 3745 δέ,
1489 3678 1525 3733 ὅτι

170 3762 237 3817 οὐδὲν
255 3762 316 3815 ἔστιν
334 3763 404 3815 αύτδν
422 3762 608 3834 ἀποδιδράσκειν,
632 3766 783 3819 Alexander
807 3767 839 3816 da
865 3765 953 3823 1οιο2
974 3762 1026 3819 ὅσοι
1045 3764 1086 3835 μὲν
1105 3763 1150 3836 γὰρ
1170 3765 1248 3822 αὐτῶν
1266 3764 1341 3817 πάντα
1360 3766 1420 3818 καθ’
1440 3767 1522 3840 εἱμαρ·

169 3853 239 3924 μάνην
257 3852 364 3924 γίνεσθαι
383 3853 498 3925 λέγουσιν,
518 3853 558 3921 τὴν
575 3853 712 3925 εἱμαρμένην
736 3853 941 3924 ὑπολαμβάνουσιν
965 3852 1117 3924 ἀπαράβατον
1141 3874 1190 3906 τινα
1209 3853 1284 3907 αἰτίαν
1303 3850 1357 3906 εἶναι
1375 3855 1414 3906 καλ
1434 3855 1523 3913 desud-

169 3943 279 4014 δραστον,
300 3946 331 3996 da
350 3947 440 3996 anima
458 3963 482 4010 p.
504 3943 556 3997 134
574 3947 675 4011 (Orelli)
695 3941 753 3994 ποτὲ
772 3942 813 4013 μὲν
831 3942 876 4014 γάρ
896 3942 1049 4014 ἁπαραβκτάν
1068 3963 1088 3995 τι
1100 3943 1140 3995 καλ
1153 3942 1333 4015 άναπόδρσστον
1350 3945 1392 4011 τὴν
1411 3944 1523 4016 άμαρμε-

170 4051 210 4099 νην
228 4031 343 4097 τίθενται,
362 4034 449 4086 codex
474 4037 637 4086 Havniensis
663 4034 728 4087 1971
750 4036 819 4100 apud
845 4036 1012 4087 Gaisiordum
1038 4039 1065 4087 in
1096 4046 1149 4089 not.
1176 4039 1208 4088 ad
1235 4036 1349 4102 Etymul.
1378 4039 1471 4104 Magn.
1497 4056 1522 4104 p.

173 4123 258 4175 1873:
283 4121 324 4188 τὴν
348 4120 373 4171 δὲ
398 4122 469 4189 αὐτὴν
493 4122 630 4192 εἱμαρμένην
654 4120 737 4193 ἔλεγον
760 4121 799 4174 καλ
831 4123 980 4194 Ἀδράστειαν
1006 4123 1043 4175 διὰ
1069 4124 1096 4176 ab
1122 4125 1154 4195 μὴ
1179 4124 1356 4194 ἀποδιδράσκειν
1387 4125 1465 4176 πάντα
1492 4127 1521 4177 τὰ

170 4210 350 4280 προορισθέντα.

278 4301 300 4367 1)
320 4302 448 4355 Videlicet
466 4313 558 4356 auctet
577 4306 605 4354 in
624 4320 701 4356 esum
720 4321 797 4355 suum
816 4307 945 4357 convertit
965 4306 1182 4358 Demosthenioae
1207 4306 1349 4374 σεμνότητος
1372 4305 1523 4372 exemplem

168 4392 214 4457 (et
235 4391 411 4443 Philostratus
430 4395 482 4446 vit.
502 4394 614 4460 Sophiat.
635 4397 646 4445 1
669 4394 709 4460 17,
729 4395 745 4445 2
768 4404 796 4446 et
820 4397 951 4446 Maximus
970 4396 1102 4446 Planudes
1125 4397 1201 4447 Rbet.
1231 4397 1275 4447 Gr.
1301 4396 1352 4446 rel.
1373 4396 1396 4444 V
1414 4411 1440 4460 p.
1460 4395 1522 4461 400,

169 4481 204 4532 ts
223 4498 278 4548 sqq.
300 4482 622 4551 Walaell.1lerntegsne
647 4486 709 4537 ibid.
728 4486 778 4537 vol.
808 4485 847 4534 111
872 4502 896 4550 p.
923 4485 984 4550 221),
1012 4484 1044 4535 13
1062 4503 1100 4552 sq.
1125 4494 1151 4536 st
1175 4486 1290 4536 Aristide
1316 4485 1378 4537 ibid.
1402 4486 1457 4539 vel.
1483 4489 1522 4538 {X

167 4588 193 4637 p.
214 4571 305 4632 3438
324 4573 382 4638 aq.),
401 4574 595 4640 quodquidam
614 4592 645 4624 ex
666 4573 770 4625 Hemen'
789 4577 819 4626 11.
838 4575 863 4637 6,
883 4574 936 4626 188
955 4576 1050 4640 repetit
1069 4576 1191 4626 Clemens
1210 4574 1404 4625 Alexandan
1425 4575 1522 4628 Strosn.

170 4661 205 4712 Vl
223 4678 247 4726 p.
268 4661 321 4713 760
341 4661 407 4714 Pott.

279 4751 298 4818 3)
317 4752 357 4804 Cf.
378 4755 440 4805 ibid.
466 4755 479 4803 1
503 4755 528 4818 6,
557 4754 588 4807 17
606 4757 643 4822 (p.
662 4754 706 4819 811,
726 4756 742 4808 8
762 4755 809 4823 sq.)
829 4752 952 4826 άμαρμάνν,
977 4753 1002 4806 dl
1027 4750 1089 4808 αίεία
1107 4753 1157 4807 ἐστὶ
1182 4758 1222 4821 τῆς
1248 4758 1295 4806 τῶν
1319 4752 1414 4826 άατρων
1439 4755 1523 4809 tatt-

170 4858 237 4903 σεως·
258 4835 326 4903 οὗτος
344 4845 416 4914 νύμυς
435 4840 581 4913 ἄφυκτος,
600 4842 659 4894 καθ’
677 4843 705 4895 δν
723 4843 798 4895 πάντα
817 4848 931 4896 τέτακται.
